,datadate,datatime,ticker,exchangecd,lastprice,volume,side
2,20161121,09:30:03,300559,XSHE,96.04,1800,B
3,20161121,09:30:06,300559,XSHE,96.04,7200,B
4,20161121,09:30:09,300559,XSHE,96.04,2700,B
5,20161121,09:30:12,300559,XSHE,96.04,1200,B
6,20161121,09:30:15,300559,XSHE,96.04,2100,B
7,20161121,09:30:18,300559,XSHE,96.04,2300,B
8,20161121,09:30:21,300559,XSHE,96.04,3800,B
9,20161121,09:30:24,300559,XSHE,96.04,4800,B
10,20161121,09:30:27,300559,XSHE,96.04,3500,B
11,20161121,09:30:30,300559,XSHE,96.04,7500,B
12,20161121,09:30:33,300559,XSHE,96.04,6600,B
13,20161121,09:30:36,300559,XSHE,96.04,3800,B
14,20161121,09:30:39,300559,XSHE,96.04,5000,B
15,20161121,09:30:42,300559,XSHE,96.04,9200,B
16,20161121,09:30:45,300559,XSHE,96.04,23100,B
17,20161121,09:30:48,300559,XSHE,96.04,22100,B
18,20161121,09:30:51,300559,XSHE,96.04,21520,B
19,20161121,09:30:54,300559,XSHE,96.04,30700,B
20,20161121,09:30:57,300559,XSHE,96.04,50500,B
21,20161121,09:31:00,300559,XSHE,96.04,37100,B
22,20161121,09:31:03,300559,XSHE,96.04,35800,B
23,20161121,09:31:06,300559,XSHE,96.04,45800,B
24,20161121,09:31:09,300559,XSHE,96.04,35700,B
25,20161121,09:31:12,300559,XSHE,96.04,144234,B
26,20161121,09:31:15,300559,XSHE,96.04,52000,B
27,20161121,09:31:18,300559,XSHE,96.04,70500,B
28,20161121,09:31:21,300559,XSHE,96.04,105266,B
29,20161121,09:31:24,300559,XSHE,95.01,12680,S
30,20161121,09:31:27,300559,XSHE,95.0,1800,S
31,20161121,09:31:30,300559,XSHE,94.68,1400,S
32,20161121,09:31:33,300559,XSHE,94.8,1300,B
33,20161121,09:31:36,300559,XSHE,95.16,11500,B
34,20161121,09:31:39,300559,XSHE,95.0,11400,S
35,20161121,09:31:42,300559,XSHE,94.5,5900,S
36,20161121,09:31:45,300559,XSHE,94.5,3900,B
37,20161121,09:31:48,300559,XSHE,94.0,5300,S
38,20161121,09:31:51,300559,XSHE,94.18,4400,B
39,20161121,09:31:54,300559,XSHE,94.01,5000,S
40,20161121,09:31:57,300559,XSHE,93.31,8100,S
41,20161121,09:32:00,300559,XSHE,94.0,7000,B
42,20161121,09:32:03,300559,XSHE,93.58,6100,S
43,20161121,09:32:06,300559,XSHE,93.02,7300,S
44,20161121,09:32:09,300559,XSHE,93.31,10200,B
45,20161121,09:32:12,300559,XSHE,93.31,18300,B
46,20161121,09:32:15,300559,XSHE,93.0,19000,S
47,20161121,09:32:18,300559,XSHE,92.55,16800,S
48,20161121,09:32:21,300559,XSHE,92.84,12400,B
49,20161121,09:32:24,300559,XSHE,93.0,23900,B
50,20161121,09:32:27,300559,XSHE,92.55,24100,S
51,20161121,09:32:30,300559,XSHE,92.55,16900,S
52,20161121,09:32:33,300559,XSHE,92.55,23200,S
53,20161121,09:32:36,300559,XSHE,92.84,32300,B
54,20161121,09:32:39,300559,XSHE,92.5,14500,S
55,20161121,09:32:42,300559,XSHE,92.5,16400,S
56,20161121,09:32:45,300559,XSHE,92.51,21700,B
57,20161121,09:32:48,300559,XSHE,92.5,25200,S
58,20161121,09:32:51,300559,XSHE,92.42,18200,S
59,20161121,09:32:54,300559,XSHE,92.39,41800,S
60,20161121,09:32:57,300559,XSHE,92.5,17700,B
61,20161121,09:33:00,300559,XSHE,92.38,17400,S
62,20161121,09:33:03,300559,XSHE,92.0,8100,S
63,20161121,09:33:06,300559,XSHE,92.15,12000,B
64,20161121,09:33:09,300559,XSHE,92.16,7800,B
65,20161121,09:33:12,300559,XSHE,92.1,23800,S
66,20161121,09:33:15,300559,XSHE,92.35,15000,B
67,20161121,09:33:18,300559,XSHE,92.25,22100,S
68,20161121,09:33:21,300559,XSHE,92.2,39900,S
69,20161121,09:33:24,300559,XSHE,92.3,26342,B
70,20161121,09:33:27,300559,XSHE,92.02,42858,S
71,20161121,09:33:30,300559,XSHE,92.38,60200,B
72,20161121,09:33:33,300559,XSHE,92.38,28400,S
73,20161121,09:33:36,300559,XSHE,92.38,33800,S
74,20161121,09:33:39,300559,XSHE,92.41,28200,B
75,20161121,09:33:42,300559,XSHE,92.25,13590,S
76,20161121,09:33:45,300559,XSHE,92.25,28010,B
77,20161121,09:33:48,300559,XSHE,92.38,18200,B
78,20161121,09:33:51,300559,XSHE,92.03,10600,S
79,20161121,09:33:54,300559,XSHE,92.1,7500,B
80,20161121,09:33:57,300559,XSHE,92.35,10000,B
81,20161121,09:34:00,300559,XSHE,92.38,13900,B
82,20161121,09:34:03,300559,XSHE,92.1,14100,S
83,20161121,09:34:06,300559,XSHE,92.25,9400,B
84,20161121,09:34:09,300559,XSHE,92.3,14800,B
85,20161121,09:34:12,300559,XSHE,92.06,14400,S
86,20161121,09:34:15,300559,XSHE,92.1,13500,B
87,20161121,09:34:18,300559,XSHE,92.1,8700,B
88,20161121,09:34:21,300559,XSHE,92.06,15600,S
89,20161121,09:34:24,300559,XSHE,92.1,12600,B
90,20161121,09:34:27,300559,XSHE,92.05,10800,S
91,20161121,09:34:30,300559,XSHE,92.05,11400,S
92,20161121,09:34:33,300559,XSHE,92.1,15564,B
93,20161121,09:34:36,300559,XSHE,92.2,16800,B
94,20161121,09:34:39,300559,XSHE,92.06,15000,S
95,20161121,09:34:42,300559,XSHE,92.1,7800,B
96,20161121,09:34:45,300559,XSHE,92.1,12100,B
97,20161121,09:34:48,300559,XSHE,92.2,17800,B
98,20161121,09:34:51,300559,XSHE,92.1,8800,S
99,20161121,09:34:54,300559,XSHE,92.1,16700,S
100,20161121,09:34:57,300559,XSHE,92.09,16200,S
101,20161121,09:35:00,300559,XSHE,92.1,13000,B
102,20161121,09:35:03,300559,XSHE,92.1,13700,S
103,20161121,09:35:06,300559,XSHE,92.06,20300,S
104,20161121,09:35:09,300559,XSHE,92.1,16000,B
105,20161121,09:35:12,300559,XSHE,92.14,21014,B
106,20161121,09:35:15,300559,XSHE,92.24,17100,B
107,20161121,09:35:18,300559,XSHE,92.14,9333,S
108,20161121,09:35:21,300559,XSHE,92.19,11900,B
109,20161121,09:35:24,300559,XSHE,92.14,18445,S
110,20161121,09:35:27,300559,XSHE,92.25,12700,B
111,20161121,09:35:30,300559,XSHE,92.15,15400,S
112,20161121,09:35:33,300559,XSHE,92.21,11800,B
113,20161121,09:35:36,300559,XSHE,92.1,25700,S
114,20161121,09:35:39,300559,XSHE,92.24,11400,B
115,20161121,09:35:42,300559,XSHE,92.24,14400,B
116,20161121,09:35:45,300559,XSHE,92.22,8700,S
117,20161121,09:35:48,300559,XSHE,92.19,12100,S
118,20161121,09:35:51,300559,XSHE,92.25,21300,B
119,20161121,09:35:54,300559,XSHE,92.26,15300,B
120,20161121,09:35:57,300559,XSHE,92.18,11200,S
121,20161121,09:36:00,300559,XSHE,92.29,8900,B
122,20161121,09:36:03,300559,XSHE,92.2,8000,S
123,20161121,09:36:06,300559,XSHE,92.25,12200,B
124,20161121,09:36:09,300559,XSHE,92.25,8900,S
125,20161121,09:36:12,300559,XSHE,92.25,10800,S
126,20161121,09:36:15,300559,XSHE,92.25,12200,S
127,20161121,09:36:18,300559,XSHE,92.25,9200,B
128,20161121,09:36:21,300559,XSHE,92.29,10000,B
129,20161121,09:36:24,300559,XSHE,92.32,11339,B
130,20161121,09:36:27,300559,XSHE,92.32,11700,S
131,20161121,09:36:30,300559,XSHE,92.35,10900,B
132,20161121,09:36:33,300559,XSHE,92.34,7300,S
133,20161121,09:36:36,300559,XSHE,92.38,8300,B
134,20161121,09:36:39,300559,XSHE,92.39,14400,B
135,20161121,09:36:42,300559,XSHE,92.38,5600,S
136,20161121,09:36:45,300559,XSHE,92.38,4500,S
137,20161121,09:36:48,300559,XSHE,92.5,23800,B
138,20161121,09:36:51,300559,XSHE,92.51,3000,B
139,20161121,09:36:54,300559,XSHE,92.41,6800,S
140,20161121,09:36:57,300559,XSHE,92.55,5100,B
141,20161121,09:37:00,300559,XSHE,92.55,6900,B
142,20161121,09:37:03,300559,XSHE,92.52,8900,S
143,20161121,09:37:06,300559,XSHE,92.51,6400,S
144,20161121,09:37:09,300559,XSHE,92.55,5500,B
145,20161121,09:37:12,300559,XSHE,92.55,5000,S
146,20161121,09:37:15,300559,XSHE,92.78,9600,B
147,20161121,09:37:18,300559,XSHE,92.63,7400,S
148,20161121,09:37:21,300559,XSHE,92.59,4400,S
149,20161121,09:37:24,300559,XSHE,92.77,5300,B
150,20161121,09:37:27,300559,XSHE,92.8,3700,B
151,20161121,09:37:30,300559,XSHE,92.9,4400,B
152,20161121,09:37:33,300559,XSHE,92.8,5600,S
153,20161121,09:37:36,300559,XSHE,92.8,4900,S
154,20161121,09:37:39,300559,XSHE,92.84,8700,B
155,20161121,09:37:42,300559,XSHE,92.88,2032,B
156,20161121,09:37:45,300559,XSHE,92.81,4300,S
157,20161121,09:37:48,300559,XSHE,93.0,4300,B
158,20161121,09:37:51,300559,XSHE,93.0,20077,S
159,20161121,09:37:54,300559,XSHE,93.09,7815,B
160,20161121,09:37:57,300559,XSHE,93.0,8700,S
161,20161121,09:38:00,300559,XSHE,93.09,5300,B
162,20161121,09:38:03,300559,XSHE,93.01,4900,S
163,20161121,09:38:06,300559,XSHE,93.06,4000,B
164,20161121,09:38:09,300559,XSHE,93.1,3400,B
165,20161121,09:38:12,300559,XSHE,93.25,9500,B
166,20161121,09:38:15,300559,XSHE,93.23,9700,S
167,20161121,09:38:18,300559,XSHE,93.3,10500,B
168,20161121,09:38:21,300559,XSHE,93.31,6454,B
169,20161121,09:38:24,300559,XSHE,93.31,5300,S
170,20161121,09:38:27,300559,XSHE,93.39,4700,B
171,20161121,09:38:30,300559,XSHE,93.36,4500,S
172,20161121,09:38:33,300559,XSHE,93.38,7800,B
173,20161121,09:38:36,300559,XSHE,93.31,8600,S
174,20161121,09:38:39,300559,XSHE,93.41,5000,B
175,20161121,09:38:42,300559,XSHE,93.38,8000,S
176,20161121,09:38:45,300559,XSHE,93.4,9900,B
177,20161121,09:38:48,300559,XSHE,93.38,7200,S
178,20161121,09:38:51,300559,XSHE,93.38,4400,B
179,20161121,09:38:54,300559,XSHE,93.41,13000,B
180,20161121,09:38:57,300559,XSHE,93.35,9200,S
181,20161121,09:39:00,300559,XSHE,93.33,3800,S
182,20161121,09:39:03,300559,XSHE,93.3,12000,S
183,20161121,09:39:06,300559,XSHE,93.3,6100,B
184,20161121,09:39:09,300559,XSHE,93.3,3500,B
185,20161121,09:39:12,300559,XSHE,93.25,4600,S
186,20161121,09:39:15,300559,XSHE,93.2,9246,S
187,20161121,09:39:18,300559,XSHE,93.02,5000,S
188,20161121,09:39:21,300559,XSHE,93.01,4100,S
189,20161121,09:39:24,300559,XSHE,93.0,6100,S
190,20161121,09:39:27,300559,XSHE,92.98,3700,S
191,20161121,09:39:30,300559,XSHE,93.02,12400,B
192,20161121,09:39:33,300559,XSHE,92.87,3500,S
193,20161121,09:39:36,300559,XSHE,92.96,3200,B
194,20161121,09:39:39,300559,XSHE,92.82,2400,S
195,20161121,09:39:42,300559,XSHE,92.8,3900,S
196,20161121,09:39:45,300559,XSHE,92.78,4500,S
197,20161121,09:39:48,300559,XSHE,92.64,3200,S
198,20161121,09:39:51,300559,XSHE,92.64,3500,S
199,20161121,09:39:54,300559,XSHE,92.64,9300,S
200,20161121,09:39:57,300559,XSHE,92.6,4100,S
201,20161121,09:40:00,300559,XSHE,92.6,3000,B
202,20161121,09:40:03,300559,XSHE,92.54,3900,S
203,20161121,09:40:06,300559,XSHE,92.54,8100,S
204,20161121,09:40:09,300559,XSHE,92.54,5700,B
205,20161121,09:40:12,300559,XSHE,92.43,5000,S
206,20161121,09:40:15,300559,XSHE,92.41,4400,S
207,20161121,09:40:18,300559,XSHE,92.54,14700,B
208,20161121,09:40:21,300559,XSHE,92.4,2100,S
209,20161121,09:40:24,300559,XSHE,92.4,3600,B
210,20161121,09:40:27,300559,XSHE,92.42,11800,B
211,20161121,09:40:30,300559,XSHE,92.4,7400,S
212,20161121,09:40:33,300559,XSHE,92.35,6200,S
213,20161121,09:40:36,300559,XSHE,92.35,5300,B
214,20161121,09:40:39,300559,XSHE,92.35,2600,B
215,20161121,09:40:42,300559,XSHE,92.35,5100,B
216,20161121,09:40:45,300559,XSHE,92.3,9200,S
217,20161121,09:40:48,300559,XSHE,92.32,7000,B
218,20161121,09:40:51,300559,XSHE,92.3,12800,S
219,20161121,09:40:54,300559,XSHE,92.31,16900,B
220,20161121,09:40:57,300559,XSHE,92.27,7361,S
221,20161121,09:41:00,300559,XSHE,92.29,3300,B
222,20161121,09:41:03,300559,XSHE,92.25,9100,S
223,20161121,09:41:06,300559,XSHE,92.24,4000,S
224,20161121,09:41:09,300559,XSHE,92.3,3500,B
225,20161121,09:41:12,300559,XSHE,92.27,6400,S
226,20161121,09:41:15,300559,XSHE,92.28,10700,B
227,20161121,09:41:18,300559,XSHE,92.2,5300,S
228,20161121,09:41:21,300559,XSHE,92.29,18400,B
229,20161121,09:41:24,300559,XSHE,92.2,5500,S
230,20161121,09:41:27,300559,XSHE,92.21,6400,B
231,20161121,09:41:30,300559,XSHE,92.2,7800,S
232,20161121,09:41:33,300559,XSHE,92.2,6400,S
233,20161121,09:41:36,300559,XSHE,92.2,3400,B
234,20161121,09:41:39,300559,XSHE,92.2,11800,B
235,20161121,09:41:42,300559,XSHE,92.15,2600,S
236,20161121,09:41:45,300559,XSHE,92.14,6600,S
237,20161121,09:41:48,300559,XSHE,92.16,3600,B
238,20161121,09:41:51,300559,XSHE,92.2,12300,B
239,20161121,09:41:54,300559,XSHE,92.12,3400,S
240,20161121,09:41:57,300559,XSHE,92.1,3600,S
241,20161121,09:42:00,300559,XSHE,92.14,3100,B
242,20161121,09:42:03,300559,XSHE,92.11,1500,S
243,20161121,09:42:06,300559,XSHE,92.1,8300,S
244,20161121,09:42:09,300559,XSHE,92.08,6600,S
245,20161121,09:42:12,300559,XSHE,92.1,5400,B
246,20161121,09:42:15,300559,XSHE,92.08,3500,S
247,20161121,09:42:18,300559,XSHE,92.07,3200,S
248,20161121,09:42:21,300559,XSHE,92.1,10800,B
249,20161121,09:42:24,300559,XSHE,92.1,10900,B
250,20161121,09:42:27,300559,XSHE,92.03,2600,S
251,20161121,09:42:30,300559,XSHE,92.02,20100,S
252,20161121,09:42:33,300559,XSHE,92.06,14300,B
253,20161121,09:42:36,300559,XSHE,92.02,3800,S
254,20161121,09:42:39,300559,XSHE,92.05,11200,B
255,20161121,09:42:42,300559,XSHE,92.02,9500,S
256,20161121,09:42:45,300559,XSHE,92.01,7300,S
257,20161121,09:42:48,300559,XSHE,92.0,7900,S
258,20161121,09:42:51,300559,XSHE,92.02,10654,B
259,20161121,09:42:54,300559,XSHE,92.01,14900,S
260,20161121,09:42:57,300559,XSHE,92.0,11000,S
261,20161121,09:43:00,300559,XSHE,92.01,13800,B
262,20161121,09:43:03,300559,XSHE,92.0,5000,S
263,20161121,09:43:06,300559,XSHE,92.01,10100,B
264,20161121,09:43:09,300559,XSHE,91.99,9300,S
265,20161121,09:43:12,300559,XSHE,92.0,3400,B
266,20161121,09:43:15,300559,XSHE,91.99,3700,S
267,20161121,09:43:18,300559,XSHE,91.95,11346,S
268,20161121,09:43:21,300559,XSHE,91.9,1400,S
269,20161121,09:43:24,300559,XSHE,91.99,3000,B
270,20161121,09:43:27,300559,XSHE,91.95,4700,S
271,20161121,09:43:30,300559,XSHE,91.88,1800,S
272,20161121,09:43:33,300559,XSHE,91.8,2700,S
273,20161121,09:43:36,300559,XSHE,91.86,1500,B
274,20161121,09:43:39,300559,XSHE,91.8,1700,S
275,20161121,09:43:42,300559,XSHE,91.73,1000,S
276,20161121,09:43:45,300559,XSHE,91.73,1200,S
277,20161121,09:43:48,300559,XSHE,91.68,3100,S
278,20161121,09:43:51,300559,XSHE,91.69,1600,B
279,20161121,09:43:54,300559,XSHE,91.66,1200,S
280,20161121,09:43:57,300559,XSHE,91.6,2500,S
281,20161121,09:44:00,300559,XSHE,91.63,2700,B
282,20161121,09:44:03,300559,XSHE,91.6,6500,S
283,20161121,09:44:06,300559,XSHE,91.56,4200,S
284,20161121,09:44:09,300559,XSHE,91.5,4200,S
285,20161121,09:44:12,300559,XSHE,91.5,3200,B
286,20161121,09:44:15,300559,XSHE,91.35,4700,S
287,20161121,09:44:18,300559,XSHE,91.49,3500,B
288,20161121,09:44:21,300559,XSHE,91.45,3000,S
289,20161121,09:44:24,300559,XSHE,91.4,3600,S
290,20161121,09:44:27,300559,XSHE,91.4,11700,S
291,20161121,09:44:30,300559,XSHE,91.35,9300,S
292,20161121,09:44:33,300559,XSHE,91.3,6300,S
293,20161121,09:44:36,300559,XSHE,91.23,3800,S
294,20161121,09:44:39,300559,XSHE,91.32,3300,B
295,20161121,09:44:42,300559,XSHE,91.28,4000,S
296,20161121,09:44:45,300559,XSHE,91.23,3700,S
297,20161121,09:44:48,300559,XSHE,91.2,4300,S
298,20161121,09:44:51,300559,XSHE,91.2,7800,B
299,20161121,09:44:54,300559,XSHE,91.18,6900,S
300,20161121,09:44:57,300559,XSHE,91.18,7500,B
301,20161121,09:45:00,300559,XSHE,91.16,11700,S
302,20161121,09:45:03,300559,XSHE,91.17,7900,B
303,20161121,09:45:06,300559,XSHE,91.01,3500,S
304,20161121,09:45:09,300559,XSHE,91.05,7400,B
305,20161121,09:45:12,300559,XSHE,91.05,6400,B
306,20161121,09:45:15,300559,XSHE,91.01,9500,S
307,20161121,09:45:18,300559,XSHE,91.03,13700,B
308,20161121,09:45:21,300559,XSHE,91.01,15600,S
309,20161121,09:45:24,300559,XSHE,91.01,13300,B
310,20161121,09:45:27,300559,XSHE,91.0,4300,S
311,20161121,09:45:30,300559,XSHE,91.0,6200,B
312,20161121,09:45:33,300559,XSHE,91.0,7100,B
313,20161121,09:45:36,300559,XSHE,90.85,5500,S
314,20161121,09:45:39,300559,XSHE,90.88,7900,B
315,20161121,09:45:42,300559,XSHE,90.85,4000,S
316,20161121,09:45:45,300559,XSHE,90.81,14800,S
317,20161121,09:45:48,300559,XSHE,90.85,9000,B
318,20161121,09:45:51,300559,XSHE,90.8,2700,S
319,20161121,09:45:54,300559,XSHE,90.82,11400,B
320,20161121,09:45:57,300559,XSHE,90.73,3900,S
321,20161121,09:46:00,300559,XSHE,90.67,4900,S
322,20161121,09:46:03,300559,XSHE,90.73,5100,B
323,20161121,09:46:06,300559,XSHE,90.7,3300,S
324,20161121,09:46:09,300559,XSHE,90.66,6600,S
325,20161121,09:46:12,300559,XSHE,90.55,4100,S
326,20161121,09:46:15,300559,XSHE,90.61,6500,B
327,20161121,09:46:18,300559,XSHE,90.58,12600,S
328,20161121,09:46:21,300559,XSHE,90.54,6900,S
329,20161121,09:46:24,300559,XSHE,90.54,15200,S
330,20161121,09:46:27,300559,XSHE,90.66,28800,B
331,20161121,09:46:30,300559,XSHE,90.61,12890,S
332,20161121,09:46:33,300559,XSHE,90.61,21100,B
333,20161121,09:46:36,300559,XSHE,90.54,18900,S
334,20161121,09:46:39,300559,XSHE,90.56,9300,B
335,20161121,09:46:42,300559,XSHE,90.61,18600,B
336,20161121,09:46:45,300559,XSHE,90.56,9400,S
337,20161121,09:46:48,300559,XSHE,90.58,17400,B
338,20161121,09:46:51,300559,XSHE,90.63,11410,B
339,20161121,09:46:54,300559,XSHE,90.58,8600,S
340,20161121,09:46:57,300559,XSHE,90.6,16800,B
341,20161121,09:47:00,300559,XSHE,90.58,8417,S
342,20161121,09:47:03,300559,XSHE,90.74,16700,B
343,20161121,09:47:06,300559,XSHE,90.7,12100,S
344,20161121,09:47:09,300559,XSHE,90.68,6400,S
345,20161121,09:47:12,300559,XSHE,90.61,20300,S
346,20161121,09:47:15,300559,XSHE,90.85,2800,B
347,20161121,09:47:18,300559,XSHE,90.8,5700,S
348,20161121,09:47:21,300559,XSHE,90.85,26700,B
349,20161121,09:47:24,300559,XSHE,91.0,8429,B
350,20161121,09:47:27,300559,XSHE,91.05,3100,B
351,20161121,09:47:30,300559,XSHE,91.0,8800,S
352,20161121,09:47:33,300559,XSHE,91.04,1800,B
353,20161121,09:47:36,300559,XSHE,91.09,3800,B
354,20161121,09:47:39,300559,XSHE,91.16,4100,B
355,20161121,09:47:42,300559,XSHE,91.15,13200,S
356,20161121,09:47:45,300559,XSHE,91.23,2500,B
357,20161121,09:47:48,300559,XSHE,91.19,2400,S
358,20161121,09:47:51,300559,XSHE,91.35,5200,B
359,20161121,09:47:54,300559,XSHE,91.3,2300,S
360,20161121,09:47:57,300559,XSHE,91.25,3200,S
361,20161121,09:48:00,300559,XSHE,91.4,3300,B
362,20161121,09:48:03,300559,XSHE,91.4,2400,B
363,20161121,09:48:06,300559,XSHE,91.4,1700,B
364,20161121,09:48:09,300559,XSHE,91.4,5900,B
365,20161121,09:48:12,300559,XSHE,91.41,5100,B
366,20161121,09:48:15,300559,XSHE,91.49,5300,B
367,20161121,09:48:18,300559,XSHE,91.4,3900,S
368,20161121,09:48:21,300559,XSHE,91.41,4300,B
369,20161121,09:48:24,300559,XSHE,91.5,9200,B
370,20161121,09:48:27,300559,XSHE,91.4,3400,S
371,20161121,09:48:30,300559,XSHE,91.49,3100,B
372,20161121,09:48:33,300559,XSHE,91.6,2600,B
373,20161121,09:48:36,300559,XSHE,91.55,3000,S
374,20161121,09:48:39,300559,XSHE,91.58,1900,B
375,20161121,09:48:42,300559,XSHE,91.6,4800,B
376,20161121,09:48:45,300559,XSHE,91.59,5000,S
377,20161121,09:48:48,300559,XSHE,91.6,4800,B
378,20161121,09:48:51,300559,XSHE,91.63,4700,B
379,20161121,09:48:54,300559,XSHE,91.6,3600,S
380,20161121,09:48:57,300559,XSHE,91.6,4500,S
381,20161121,09:49:00,300559,XSHE,91.66,3600,B
382,20161121,09:49:03,300559,XSHE,91.66,2500,B
383,20161121,09:49:06,300559,XSHE,91.66,3000,S
384,20161121,09:49:09,300559,XSHE,91.78,4100,B
385,20161121,09:49:12,300559,XSHE,91.7,5500,S
386,20161121,09:49:15,300559,XSHE,91.68,1700,S
387,20161121,09:49:18,300559,XSHE,91.8,4000,B
388,20161121,09:49:21,300559,XSHE,91.8,4700,S
389,20161121,09:49:24,300559,XSHE,91.8,5000,S
390,20161121,09:49:27,300559,XSHE,91.8,3200,S
391,20161121,09:49:30,300559,XSHE,91.85,2600,B
392,20161121,09:49:33,300559,XSHE,91.83,3150,S
393,20161121,09:49:36,300559,XSHE,91.87,3700,B
394,20161121,09:49:39,300559,XSHE,91.83,2000,S
395,20161121,09:49:42,300559,XSHE,91.88,3000,B
396,20161121,09:49:45,300559,XSHE,91.9,4500,B
397,20161121,09:49:48,300559,XSHE,91.88,2900,S
398,20161121,09:49:51,300559,XSHE,91.93,2200,B
399,20161121,09:49:54,300559,XSHE,91.93,3000,S
400,20161121,09:49:57,300559,XSHE,91.94,2900,B
401,20161121,09:50:00,300559,XSHE,91.93,3100,S
402,20161121,09:50:03,300559,XSHE,91.95,3900,B
403,20161121,09:50:06,300559,XSHE,91.98,4100,B
404,20161121,09:50:09,300559,XSHE,91.97,5400,S
405,20161121,09:50:12,300559,XSHE,91.97,5200,B
406,20161121,09:50:15,300559,XSHE,91.97,3100,S
407,20161121,09:50:18,300559,XSHE,91.97,7600,S
408,20161121,09:50:21,300559,XSHE,91.97,7900,B
409,20161121,09:50:24,300559,XSHE,91.98,3400,B
410,20161121,09:50:27,300559,XSHE,91.96,3900,S
411,20161121,09:50:30,300559,XSHE,91.93,9000,S
412,20161121,09:50:33,300559,XSHE,91.96,5000,B
413,20161121,09:50:36,300559,XSHE,91.9,1400,S
414,20161121,09:50:39,300559,XSHE,91.96,8000,B
415,20161121,09:50:42,300559,XSHE,91.96,8800,S
416,20161121,09:50:45,300559,XSHE,91.87,6600,S
417,20161121,09:50:48,300559,XSHE,91.85,2100,S
418,20161121,09:50:51,300559,XSHE,91.9,5700,B
419,20161121,09:50:54,300559,XSHE,91.88,3400,S
420,20161121,09:50:57,300559,XSHE,91.8,4400,S
421,20161121,09:51:00,300559,XSHE,91.78,550,S
422,20161121,09:51:03,300559,XSHE,91.8,3200,B
423,20161121,09:51:06,300559,XSHE,91.75,3800,S
424,20161121,09:51:09,300559,XSHE,91.7,800,S
425,20161121,09:51:12,300559,XSHE,91.66,1500,S
426,20161121,09:51:15,300559,XSHE,91.66,2600,B
427,20161121,09:51:18,300559,XSHE,91.63,4200,S
428,20161121,09:51:21,300559,XSHE,91.63,2900,B
429,20161121,09:51:24,300559,XSHE,91.62,3100,S
430,20161121,09:51:27,300559,XSHE,91.55,200,S
431,20161121,09:51:30,300559,XSHE,91.52,2800,S
432,20161121,09:51:33,300559,XSHE,91.51,1600,S
433,20161121,09:51:36,300559,XSHE,91.5,7600,S
434,20161121,09:51:39,300559,XSHE,91.4,2700,S
435,20161121,09:51:42,300559,XSHE,91.45,1100,B
436,20161121,09:51:45,300559,XSHE,91.48,3800,B
437,20161121,09:51:48,300559,XSHE,91.4,3600,S
438,20161121,09:51:51,300559,XSHE,91.4,7500,S
439,20161121,09:51:54,300559,XSHE,91.42,7200,B
440,20161121,09:51:57,300559,XSHE,91.38,7000,S
441,20161121,09:52:00,300559,XSHE,91.4,4100,B
442,20161121,09:52:03,300559,XSHE,91.35,600,S
443,20161121,09:52:06,300559,XSHE,91.35,1700,S
444,20161121,09:52:09,300559,XSHE,91.3,6200,S
445,20161121,09:52:12,300559,XSHE,91.23,4300,S
446,20161121,09:52:15,300559,XSHE,91.3,2200,B
448,20161121,09:52:21,300559,XSHE,91.23,600,S
449,20161121,09:52:24,300559,XSHE,91.23,1600,B
450,20161121,09:52:27,300559,XSHE,91.23,3200,B
451,20161121,09:52:30,300559,XSHE,91.15,1700,S
452,20161121,09:52:33,300559,XSHE,91.21,3700,B
453,20161121,09:52:36,300559,XSHE,91.15,2200,S
454,20161121,09:52:39,300559,XSHE,91.15,4700,S
455,20161121,09:52:42,300559,XSHE,91.13,10700,S
456,20161121,09:52:45,300559,XSHE,91.13,4700,S
457,20161121,09:52:48,300559,XSHE,91.13,1700,S
458,20161121,09:52:51,300559,XSHE,91.1,3600,S
459,20161121,09:52:54,300559,XSHE,91.1,1700,B
460,20161121,09:52:57,300559,XSHE,91.08,2600,S
461,20161121,09:53:00,300559,XSHE,91.1,2700,B
462,20161121,09:53:03,300559,XSHE,91.07,800,S
463,20161121,09:53:06,300559,XSHE,91.05,2200,S
464,20161121,09:53:09,300559,XSHE,91.02,2000,S
465,20161121,09:53:12,300559,XSHE,91.02,4200,B
466,20161121,09:53:15,300559,XSHE,91.0,1500,S
467,20161121,09:53:18,300559,XSHE,91.02,4000,B
468,20161121,09:53:21,300559,XSHE,91.02,10100,S
469,20161121,09:53:24,300559,XSHE,90.88,7200,S
470,20161121,09:53:27,300559,XSHE,91.0,800,B
471,20161121,09:53:30,300559,XSHE,91.0,1900,B
472,20161121,09:53:33,300559,XSHE,91.0,1700,B
473,20161121,09:53:36,300559,XSHE,90.88,1100,S
474,20161121,09:53:39,300559,XSHE,90.88,1500,S
475,20161121,09:53:42,300559,XSHE,90.88,2200,B
476,20161121,09:53:45,300559,XSHE,90.88,3400,B
477,20161121,09:53:48,300559,XSHE,90.88,2400,B
478,20161121,09:53:51,300559,XSHE,90.88,3500,B
479,20161121,09:53:54,300559,XSHE,90.87,4900,S
480,20161121,09:53:57,300559,XSHE,90.85,5000,S
481,20161121,09:54:00,300559,XSHE,90.85,5600,S
482,20161121,09:54:03,300559,XSHE,90.85,8800,S
483,20161121,09:54:06,300559,XSHE,90.9,5400,B
484,20161121,09:54:09,300559,XSHE,90.85,3500,S
485,20161121,09:54:12,300559,XSHE,90.81,1800,S
486,20161121,09:54:15,300559,XSHE,90.85,4000,B
487,20161121,09:54:18,300559,XSHE,90.85,9400,S
488,20161121,09:54:21,300559,XSHE,90.85,1900,S
489,20161121,09:54:24,300559,XSHE,90.85,5200,B
490,20161121,09:54:27,300559,XSHE,90.8,4607,S
491,20161121,09:54:30,300559,XSHE,90.86,5200,B
492,20161121,09:54:33,300559,XSHE,90.85,4600,S
493,20161121,09:54:36,300559,XSHE,90.85,2100,S
494,20161121,09:54:39,300559,XSHE,90.85,3400,S
495,20161121,09:54:42,300559,XSHE,90.98,4600,B
496,20161121,09:54:45,300559,XSHE,90.87,3200,S
497,20161121,09:54:48,300559,XSHE,90.86,4600,S
498,20161121,09:54:51,300559,XSHE,90.82,6200,S
499,20161121,09:54:54,300559,XSHE,90.88,3900,B
500,20161121,09:54:57,300559,XSHE,90.98,2900,B
501,20161121,09:55:00,300559,XSHE,90.99,4800,B
502,20161121,09:55:03,300559,XSHE,90.99,3200,B
503,20161121,09:55:06,300559,XSHE,91.0,2800,B
504,20161121,09:55:09,300559,XSHE,90.99,3800,S
505,20161121,09:55:12,300559,XSHE,90.91,3500,S
506,20161121,09:55:15,300559,XSHE,91.0,15300,B
507,20161121,09:55:18,300559,XSHE,90.9,400,S
508,20161121,09:55:21,300559,XSHE,91.0,9600,B
509,20161121,09:55:24,300559,XSHE,91.03,11200,B
510,20161121,09:55:27,300559,XSHE,91.02,2000,S
511,20161121,09:55:30,300559,XSHE,91.0,5700,S
512,20161121,09:55:33,300559,XSHE,91.0,1700,S
513,20161121,09:55:36,300559,XSHE,91.06,3400,B
514,20161121,09:55:39,300559,XSHE,91.03,3600,S
515,20161121,09:55:42,300559,XSHE,91.08,2800,B
516,20161121,09:55:45,300559,XSHE,91.1,1500,B
517,20161121,09:55:48,300559,XSHE,91.06,3200,S
518,20161121,09:55:51,300559,XSHE,91.1,4100,B
519,20161121,09:55:54,300559,XSHE,91.12,800,B
520,20161121,09:55:57,300559,XSHE,91.1,2600,S
521,20161121,09:56:00,300559,XSHE,91.15,6100,B
522,20161121,09:56:03,300559,XSHE,91.12,1400,S
523,20161121,09:56:06,300559,XSHE,91.15,1000,B
524,20161121,09:56:09,300559,XSHE,91.12,2400,S
525,20161121,09:56:12,300559,XSHE,91.15,2500,B
526,20161121,09:56:15,300559,XSHE,91.15,2300,S
527,20161121,09:56:18,300559,XSHE,91.22,5800,B
528,20161121,09:56:21,300559,XSHE,91.22,500,S
529,20161121,09:56:24,300559,XSHE,91.22,100,S
530,20161121,09:56:27,300559,XSHE,91.22,2200,S
531,20161121,09:56:30,300559,XSHE,91.23,4000,B
532,20161121,09:56:33,300559,XSHE,91.3,2500,B
533,20161121,09:56:36,300559,XSHE,91.3,3400,S
534,20161121,09:56:39,300559,XSHE,91.28,3400,S
535,20161121,09:56:42,300559,XSHE,91.31,1200,B
536,20161121,09:56:45,300559,XSHE,91.3,1600,S
537,20161121,09:56:48,300559,XSHE,91.3,3300,S
538,20161121,09:56:51,300559,XSHE,91.35,1400,B
539,20161121,09:56:54,300559,XSHE,91.34,3900,S
540,20161121,09:56:57,300559,XSHE,91.38,1800,B
541,20161121,09:57:00,300559,XSHE,91.35,10900,S
542,20161121,09:57:03,300559,XSHE,91.5,1900,B
543,20161121,09:57:06,300559,XSHE,91.35,2300,S
544,20161121,09:57:09,300559,XSHE,91.38,2300,B
545,20161121,09:57:12,300559,XSHE,91.52,3200,B
546,20161121,09:57:15,300559,XSHE,91.5,900,S
547,20161121,09:57:18,300559,XSHE,91.5,4400,S
549,20161121,09:57:24,300559,XSHE,91.52,1500,B
550,20161121,09:57:27,300559,XSHE,91.52,3500,S
551,20161121,09:57:30,300559,XSHE,91.51,3900,S
552,20161121,09:57:33,300559,XSHE,91.55,2200,B
553,20161121,09:57:36,300559,XSHE,91.5,3900,S
554,20161121,09:57:39,300559,XSHE,91.58,2300,B
555,20161121,09:57:42,300559,XSHE,91.55,5500,S
556,20161121,09:57:45,300559,XSHE,91.6,2500,B
557,20161121,09:57:48,300559,XSHE,91.6,1300,B
558,20161121,09:57:51,300559,XSHE,91.61,1800,B
559,20161121,09:57:54,300559,XSHE,91.63,800,B
560,20161121,09:57:57,300559,XSHE,91.6,1800,S
561,20161121,09:58:00,300559,XSHE,91.6,1600,S
562,20161121,09:58:03,300559,XSHE,91.61,2000,B
563,20161121,09:58:06,300559,XSHE,91.6,1500,S
564,20161121,09:58:09,300559,XSHE,91.61,1900,B
565,20161121,09:58:12,300559,XSHE,91.63,1900,B
566,20161121,09:58:15,300559,XSHE,91.63,2400,S
567,20161121,09:58:18,300559,XSHE,91.61,3200,S
568,20161121,09:58:21,300559,XSHE,91.61,2800,S
569,20161121,09:58:24,300559,XSHE,91.65,2500,B
570,20161121,09:58:27,300559,XSHE,91.63,2400,S
571,20161121,09:58:30,300559,XSHE,91.63,4900,S
572,20161121,09:58:33,300559,XSHE,91.61,2400,S
573,20161121,09:58:36,300559,XSHE,91.65,3700,B
574,20161121,09:58:39,300559,XSHE,91.64,2800,S
575,20161121,09:58:42,300559,XSHE,91.65,2500,B
576,20161121,09:58:45,300559,XSHE,91.63,1900,S
577,20161121,09:58:48,300559,XSHE,91.61,4100,S
578,20161121,09:58:51,300559,XSHE,91.63,2500,B
579,20161121,09:58:54,300559,XSHE,91.64,1300,B
580,20161121,09:58:57,300559,XSHE,91.63,2700,S
581,20161121,09:59:00,300559,XSHE,91.63,7100,S
582,20161121,09:59:03,300559,XSHE,91.63,2500,B
583,20161121,09:59:06,300559,XSHE,91.63,2300,B
584,20161121,09:59:09,300559,XSHE,91.61,1200,S
585,20161121,09:59:12,300559,XSHE,91.63,5900,B
586,20161121,09:59:15,300559,XSHE,91.64,8000,B
587,20161121,09:59:18,300559,XSHE,91.63,3100,S
588,20161121,09:59:21,300559,XSHE,91.63,2000,B
589,20161121,09:59:24,300559,XSHE,91.63,2000,B
590,20161121,09:59:27,300559,XSHE,91.59,900,S
591,20161121,09:59:30,300559,XSHE,91.6,1600,B
592,20161121,09:59:33,300559,XSHE,91.59,1700,S
593,20161121,09:59:36,300559,XSHE,91.59,2200,S
594,20161121,09:59:39,300559,XSHE,91.58,2600,S
595,20161121,09:59:42,300559,XSHE,91.55,1700,S
596,20161121,09:59:45,300559,XSHE,91.59,600,B
597,20161121,09:59:48,300559,XSHE,91.59,1300,B
598,20161121,09:59:51,300559,XSHE,91.52,2700,S
599,20161121,09:59:54,300559,XSHE,91.54,1000,B
600,20161121,09:59:57,300559,XSHE,91.52,300,S
601,20161121,10:00:00,300559,XSHE,91.52,1300,B
602,20161121,10:00:03,300559,XSHE,91.4,1300,S
603,20161121,10:00:06,300559,XSHE,91.5,200,B
604,20161121,10:00:09,300559,XSHE,91.38,1000,S
605,20161121,10:00:12,300559,XSHE,91.38,1600,S
606,20161121,10:00:15,300559,XSHE,91.38,1000,S
607,20161121,10:00:18,300559,XSHE,91.38,1100,S
608,20161121,10:00:21,300559,XSHE,91.38,1600,B
609,20161121,10:00:24,300559,XSHE,91.36,3100,S
610,20161121,10:00:27,300559,XSHE,91.37,1500,B
611,20161121,10:00:30,300559,XSHE,91.38,2100,B
612,20161121,10:00:33,300559,XSHE,91.34,800,S
613,20161121,10:00:36,300559,XSHE,91.35,700,B
614,20161121,10:00:39,300559,XSHE,91.35,1400,B
615,20161121,10:00:42,300559,XSHE,91.32,800,S
616,20161121,10:00:45,300559,XSHE,91.35,2200,B
617,20161121,10:00:48,300559,XSHE,91.35,6100,B
618,20161121,10:00:51,300559,XSHE,91.31,4400,S
619,20161121,10:00:54,300559,XSHE,91.25,7100,S
621,20161121,10:01:00,300559,XSHE,91.27,100,B
623,20161121,10:01:06,300559,XSHE,91.25,500,S
624,20161121,10:01:09,300559,XSHE,91.25,1700,B
625,20161121,10:01:12,300559,XSHE,91.25,1400,B
626,20161121,10:01:15,300559,XSHE,91.22,1800,S
627,20161121,10:01:18,300559,XSHE,91.23,1700,B
628,20161121,10:01:21,300559,XSHE,91.23,2400,B
629,20161121,10:01:24,300559,XSHE,91.24,4600,B
630,20161121,10:01:27,300559,XSHE,91.22,1800,S
631,20161121,10:01:30,300559,XSHE,91.25,600,B
632,20161121,10:01:33,300559,XSHE,91.22,2900,S
633,20161121,10:01:36,300559,XSHE,91.17,2700,S
634,20161121,10:01:39,300559,XSHE,91.23,4600,B
635,20161121,10:01:42,300559,XSHE,91.2,500,S
636,20161121,10:01:45,300559,XSHE,91.2,1000,B
637,20161121,10:01:48,300559,XSHE,91.16,1300,S
638,20161121,10:01:51,300559,XSHE,91.15,1600,S
639,20161121,10:01:54,300559,XSHE,91.16,1100,B
640,20161121,10:01:57,300559,XSHE,91.15,1700,S
641,20161121,10:02:00,300559,XSHE,91.15,400,B
642,20161121,10:02:03,300559,XSHE,91.15,400,B
643,20161121,10:02:06,300559,XSHE,91.15,5000,B
644,20161121,10:02:09,300559,XSHE,91.15,400,B
645,20161121,10:02:12,300559,XSHE,91.15,1700,B
646,20161121,10:02:15,300559,XSHE,91.12,1200,S
647,20161121,10:02:18,300559,XSHE,91.12,1300,B
648,20161121,10:02:21,300559,XSHE,91.12,2500,B
649,20161121,10:02:24,300559,XSHE,91.15,4200,B
650,20161121,10:02:27,300559,XSHE,91.1,2400,S
651,20161121,10:02:30,300559,XSHE,91.1,2200,S
652,20161121,10:02:33,300559,XSHE,91.11,2100,B
653,20161121,10:02:36,300559,XSHE,91.12,3400,B
654,20161121,10:02:39,300559,XSHE,91.1,1800,S
655,20161121,10:02:42,300559,XSHE,91.11,1300,B
656,20161121,10:02:45,300559,XSHE,91.1,1500,S
657,20161121,10:02:48,300559,XSHE,91.13,3000,B
658,20161121,10:02:51,300559,XSHE,91.11,800,S
659,20161121,10:02:54,300559,XSHE,91.11,2100,S
660,20161121,10:02:57,300559,XSHE,91.11,2300,S
661,20161121,10:03:00,300559,XSHE,91.12,2600,B
662,20161121,10:03:03,300559,XSHE,91.13,1600,B
663,20161121,10:03:06,300559,XSHE,91.13,700,S
664,20161121,10:03:09,300559,XSHE,91.11,2400,S
665,20161121,10:03:12,300559,XSHE,91.12,6000,B
666,20161121,10:03:15,300559,XSHE,91.16,1400,B
667,20161121,10:03:18,300559,XSHE,91.15,1000,S
668,20161121,10:03:21,300559,XSHE,91.15,2200,S
669,20161121,10:03:24,300559,XSHE,91.2,2900,B
670,20161121,10:03:27,300559,XSHE,91.19,1900,S
671,20161121,10:03:30,300559,XSHE,91.16,800,S
672,20161121,10:03:33,300559,XSHE,91.14,4000,S
673,20161121,10:03:36,300559,XSHE,91.2,800,B
674,20161121,10:03:39,300559,XSHE,91.2,600,B
675,20161121,10:03:42,300559,XSHE,91.19,1200,S
676,20161121,10:03:45,300559,XSHE,91.2,3300,B
677,20161121,10:03:48,300559,XSHE,91.2,2100,S
678,20161121,10:03:51,300559,XSHE,91.2,800,S
679,20161121,10:03:54,300559,XSHE,91.2,1800,B
680,20161121,10:03:57,300559,XSHE,91.19,1200,S
681,20161121,10:04:00,300559,XSHE,91.2,1600,B
682,20161121,10:04:03,300559,XSHE,91.22,2900,B
683,20161121,10:04:06,300559,XSHE,91.2,3400,S
684,20161121,10:04:09,300559,XSHE,91.2,1300,S
685,20161121,10:04:12,300559,XSHE,91.2,1500,S
686,20161121,10:04:15,300559,XSHE,91.2,1300,S
687,20161121,10:04:18,300559,XSHE,91.2,2300,B
688,20161121,10:04:21,300559,XSHE,91.2,1600,B
689,20161121,10:04:24,300559,XSHE,91.2,2400,S
690,20161121,10:04:27,300559,XSHE,91.24,1400,B
691,20161121,10:04:30,300559,XSHE,91.24,3700,B
692,20161121,10:04:33,300559,XSHE,91.2,6200,S
693,20161121,10:04:36,300559,XSHE,91.2,3300,S
694,20161121,10:04:39,300559,XSHE,91.27,1800,B
695,20161121,10:04:42,300559,XSHE,91.24,1600,S
696,20161121,10:04:45,300559,XSHE,91.23,1700,S
697,20161121,10:04:48,300559,XSHE,91.23,1100,S
698,20161121,10:04:51,300559,XSHE,91.21,1700,S
700,20161121,10:04:57,300559,XSHE,91.24,3300,B
701,20161121,10:05:00,300559,XSHE,91.27,2300,B
702,20161121,10:05:03,300559,XSHE,91.26,700,S
703,20161121,10:05:06,300559,XSHE,91.27,1800,B
704,20161121,10:05:09,300559,XSHE,91.25,1100,S
705,20161121,10:05:12,300559,XSHE,91.3,4900,B
706,20161121,10:05:15,300559,XSHE,91.28,919,S
707,20161121,10:05:18,300559,XSHE,91.27,1700,S
708,20161121,10:05:21,300559,XSHE,91.27,1900,S
709,20161121,10:05:24,300559,XSHE,91.3,3000,B
710,20161121,10:05:27,300559,XSHE,91.3,1950,S
711,20161121,10:05:30,300559,XSHE,91.3,300,S
712,20161121,10:05:33,300559,XSHE,91.29,600,S
713,20161121,10:05:36,300559,XSHE,91.27,1450,S
714,20161121,10:05:39,300559,XSHE,91.3,1300,B
715,20161121,10:05:42,300559,XSHE,91.3,500,B
716,20161121,10:05:45,300559,XSHE,91.27,1300,S
717,20161121,10:05:48,300559,XSHE,91.3,4500,B
718,20161121,10:05:51,300559,XSHE,91.3,2100,S
719,20161121,10:05:54,300559,XSHE,91.3,1100,S
720,20161121,10:05:57,300559,XSHE,91.3,2200,S
721,20161121,10:06:00,300559,XSHE,91.31,2100,B
722,20161121,10:06:03,300559,XSHE,91.31,1100,B
723,20161121,10:06:06,300559,XSHE,91.3,3100,S
724,20161121,10:06:09,300559,XSHE,91.31,2300,B
725,20161121,10:06:12,300559,XSHE,91.31,1000,S
726,20161121,10:06:15,300559,XSHE,91.31,1000,S
727,20161121,10:06:18,300559,XSHE,91.35,2300,B
728,20161121,10:06:21,300559,XSHE,91.31,1200,S
729,20161121,10:06:24,300559,XSHE,91.31,3750,S
730,20161121,10:06:27,300559,XSHE,91.31,1350,B
731,20161121,10:06:30,300559,XSHE,91.31,950,S
732,20161121,10:06:33,300559,XSHE,91.31,2650,B
733,20161121,10:06:36,300559,XSHE,91.31,4450,S
734,20161121,10:06:39,300559,XSHE,91.31,500,S
735,20161121,10:06:42,300559,XSHE,91.31,1000,S
736,20161121,10:06:45,300559,XSHE,91.31,1400,S
737,20161121,10:06:48,300559,XSHE,91.31,800,S
738,20161121,10:06:51,300559,XSHE,91.31,2600,S
739,20161121,10:06:54,300559,XSHE,91.31,1700,S
740,20161121,10:06:57,300559,XSHE,91.32,1300,B
741,20161121,10:07:00,300559,XSHE,91.32,1600,B
742,20161121,10:07:03,300559,XSHE,91.33,1300,B
743,20161121,10:07:06,300559,XSHE,91.32,1600,S
744,20161121,10:07:09,300559,XSHE,91.31,3300,S
745,20161121,10:07:12,300559,XSHE,91.33,2000,B
746,20161121,10:07:15,300559,XSHE,91.31,1600,S
747,20161121,10:07:18,300559,XSHE,91.32,1300,B
748,20161121,10:07:21,300559,XSHE,91.33,4500,B
749,20161121,10:07:24,300559,XSHE,91.37,1700,B
750,20161121,10:07:27,300559,XSHE,91.35,1100,S
751,20161121,10:07:30,300559,XSHE,91.35,1700,S
752,20161121,10:07:33,300559,XSHE,91.33,1700,S
753,20161121,10:07:36,300559,XSHE,91.38,500,B
754,20161121,10:07:39,300559,XSHE,91.37,2200,S
755,20161121,10:07:42,300559,XSHE,91.38,900,B
756,20161121,10:07:45,300559,XSHE,91.33,1800,S
757,20161121,10:07:48,300559,XSHE,91.35,1400,B
758,20161121,10:07:51,300559,XSHE,91.38,2200,B
759,20161121,10:07:54,300559,XSHE,91.33,2400,S
760,20161121,10:07:57,300559,XSHE,91.38,1000,B
761,20161121,10:08:00,300559,XSHE,91.35,1000,S
762,20161121,10:08:03,300559,XSHE,91.35,1200,S
763,20161121,10:08:06,300559,XSHE,91.46,1900,B
764,20161121,10:08:09,300559,XSHE,91.38,800,S
765,20161121,10:08:12,300559,XSHE,91.35,1800,S
766,20161121,10:08:15,300559,XSHE,91.35,500,S
767,20161121,10:08:18,300559,XSHE,91.35,1000,S
768,20161121,10:08:21,300559,XSHE,91.36,1500,B
769,20161121,10:08:24,300559,XSHE,91.37,100,B
770,20161121,10:08:27,300559,XSHE,91.36,1200,S
771,20161121,10:08:30,300559,XSHE,91.36,2500,S
772,20161121,10:08:33,300559,XSHE,91.4,1400,B
773,20161121,10:08:36,300559,XSHE,91.45,1100,B
774,20161121,10:08:39,300559,XSHE,91.45,400,B
775,20161121,10:08:42,300559,XSHE,91.45,1100,S
776,20161121,10:08:45,300559,XSHE,91.45,1100,B
777,20161121,10:08:48,300559,XSHE,91.4,1600,S
778,20161121,10:08:51,300559,XSHE,91.45,600,B
779,20161121,10:08:54,300559,XSHE,91.46,3200,B
780,20161121,10:08:57,300559,XSHE,91.45,1500,S
781,20161121,10:09:00,300559,XSHE,91.45,1100,B
782,20161121,10:09:03,300559,XSHE,91.38,1300,S
783,20161121,10:09:06,300559,XSHE,91.39,1500,B
784,20161121,10:09:09,300559,XSHE,91.45,1400,B
785,20161121,10:09:12,300559,XSHE,91.45,1300,S
786,20161121,10:09:15,300559,XSHE,91.41,1200,S
787,20161121,10:09:18,300559,XSHE,91.41,800,B
788,20161121,10:09:21,300559,XSHE,91.41,100,B
789,20161121,10:09:24,300559,XSHE,91.45,1200,B
790,20161121,10:09:27,300559,XSHE,91.45,1300,B
791,20161121,10:09:30,300559,XSHE,91.41,2000,S
792,20161121,10:09:33,300559,XSHE,91.41,2000,S
793,20161121,10:09:36,300559,XSHE,91.41,1700,S
794,20161121,10:09:39,300559,XSHE,91.4,900,S
795,20161121,10:09:42,300559,XSHE,91.43,1500,B
796,20161121,10:09:45,300559,XSHE,91.41,600,S
798,20161121,10:09:51,300559,XSHE,91.4,100,S
799,20161121,10:09:54,300559,XSHE,91.41,1100,B
800,20161121,10:09:57,300559,XSHE,91.4,1200,S
801,20161121,10:10:00,300559,XSHE,91.39,1500,S
802,20161121,10:10:03,300559,XSHE,91.4,800,B
803,20161121,10:10:06,300559,XSHE,91.4,3300,S
804,20161121,10:10:09,300559,XSHE,91.4,3047,S
805,20161121,10:10:12,300559,XSHE,91.41,3900,B
806,20161121,10:10:15,300559,XSHE,91.41,2100,S
807,20161121,10:10:18,300559,XSHE,91.41,6700,S
808,20161121,10:10:21,300559,XSHE,91.41,2500,S
809,20161121,10:10:24,300559,XSHE,91.41,1953,S
810,20161121,10:10:27,300559,XSHE,91.42,647,B
811,20161121,10:10:30,300559,XSHE,91.4,1553,S
812,20161121,10:10:33,300559,XSHE,91.4,300,B
813,20161121,10:10:36,300559,XSHE,91.41,1800,B
814,20161121,10:10:39,300559,XSHE,91.4,1600,S
815,20161121,10:10:42,300559,XSHE,91.4,800,B
816,20161121,10:10:45,300559,XSHE,91.4,1100,B
817,20161121,10:10:48,300559,XSHE,91.4,2400,B
819,20161121,10:10:54,300559,XSHE,91.39,700,S
820,20161121,10:10:57,300559,XSHE,91.39,500,B
821,20161121,10:11:00,300559,XSHE,91.39,1600,B
822,20161121,10:11:03,300559,XSHE,91.39,800,B
823,20161121,10:11:06,300559,XSHE,91.38,3000,S
824,20161121,10:11:09,300559,XSHE,91.39,800,B
825,20161121,10:11:12,300559,XSHE,91.39,2100,S
826,20161121,10:11:15,300559,XSHE,91.38,1700,S
827,20161121,10:11:18,300559,XSHE,91.37,500,S
828,20161121,10:11:21,300559,XSHE,91.37,700,S
829,20161121,10:11:24,300559,XSHE,91.38,2500,B
830,20161121,10:11:27,300559,XSHE,91.37,1600,S
831,20161121,10:11:30,300559,XSHE,91.37,300,B
832,20161121,10:11:33,300559,XSHE,91.36,400,S
833,20161121,10:11:36,300559,XSHE,91.37,500,B
834,20161121,10:11:39,300559,XSHE,91.37,500,B
835,20161121,10:11:42,300559,XSHE,91.37,2500,B
836,20161121,10:11:45,300559,XSHE,91.36,2300,S
837,20161121,10:11:48,300559,XSHE,91.36,1300,B
838,20161121,10:11:51,300559,XSHE,91.35,300,S
839,20161121,10:11:54,300559,XSHE,91.36,1100,B
840,20161121,10:11:57,300559,XSHE,91.35,1400,S
841,20161121,10:12:00,300559,XSHE,91.35,900,S
842,20161121,10:12:03,300559,XSHE,91.36,4600,B
843,20161121,10:12:06,300559,XSHE,91.35,3700,S
844,20161121,10:12:09,300559,XSHE,91.33,3600,S
845,20161121,10:12:12,300559,XSHE,91.34,100,B
846,20161121,10:12:15,300559,XSHE,91.34,600,B
848,20161121,10:12:21,300559,XSHE,91.34,1200,B
849,20161121,10:12:24,300559,XSHE,91.34,1600,B
850,20161121,10:12:27,300559,XSHE,91.34,1700,S
851,20161121,10:12:30,300559,XSHE,91.31,2700,S
852,20161121,10:12:33,300559,XSHE,91.32,1100,B
853,20161121,10:12:36,300559,XSHE,91.31,1000,S
855,20161121,10:12:42,300559,XSHE,91.31,2100,S
856,20161121,10:12:45,300559,XSHE,91.31,2000,S
857,20161121,10:12:48,300559,XSHE,91.31,800,B
858,20161121,10:12:51,300559,XSHE,91.3,800,S
859,20161121,10:12:54,300559,XSHE,91.3,1900,S
860,20161121,10:12:57,300559,XSHE,91.3,2400,S
861,20161121,10:13:00,300559,XSHE,91.3,900,S
862,20161121,10:13:03,300559,XSHE,91.3,2800,S
863,20161121,10:13:06,300559,XSHE,91.3,2600,B
864,20161121,10:13:09,300559,XSHE,91.28,700,S
865,20161121,10:13:12,300559,XSHE,91.29,100,B
866,20161121,10:13:15,300559,XSHE,91.3,600,B
867,20161121,10:13:18,300559,XSHE,91.28,500,S
868,20161121,10:13:21,300559,XSHE,91.27,2200,S
870,20161121,10:13:27,300559,XSHE,91.28,100,B
872,20161121,10:13:33,300559,XSHE,91.26,1100,S
873,20161121,10:13:36,300559,XSHE,91.26,500,S
874,20161121,10:13:39,300559,XSHE,91.27,800,B
877,20161121,10:13:48,300559,XSHE,91.22,3900,S
878,20161121,10:13:51,300559,XSHE,91.21,200,S
879,20161121,10:13:54,300559,XSHE,91.21,100,B
881,20161121,10:14:00,300559,XSHE,91.21,500,B
882,20161121,10:14:03,300559,XSHE,91.2,2600,S
883,20161121,10:14:06,300559,XSHE,91.21,2500,B
884,20161121,10:14:09,300559,XSHE,91.21,1600,S
885,20161121,10:14:12,300559,XSHE,91.2,1900,S
886,20161121,10:14:15,300559,XSHE,91.19,2100,S
887,20161121,10:14:18,300559,XSHE,91.19,500,B
888,20161121,10:14:21,300559,XSHE,91.2,1300,B
889,20161121,10:14:24,300559,XSHE,91.15,1000,S
890,20161121,10:14:27,300559,XSHE,91.16,900,B
891,20161121,10:14:30,300559,XSHE,91.14,600,S
892,20161121,10:14:33,300559,XSHE,91.15,1100,B
893,20161121,10:14:36,300559,XSHE,91.15,1900,B
894,20161121,10:14:39,300559,XSHE,91.15,100,B
895,20161121,10:14:42,300559,XSHE,91.11,1100,S
896,20161121,10:14:45,300559,XSHE,91.14,600,B
897,20161121,10:14:48,300559,XSHE,91.11,500,S
898,20161121,10:14:51,300559,XSHE,91.11,1400,B
899,20161121,10:14:54,300559,XSHE,91.08,1000,S
900,20161121,10:14:57,300559,XSHE,91.06,500,S
901,20161121,10:15:00,300559,XSHE,91.1,1200,B
902,20161121,10:15:03,300559,XSHE,91.03,500,S
903,20161121,10:15:06,300559,XSHE,91.06,1400,B
904,20161121,10:15:09,300559,XSHE,91.06,2000,B
905,20161121,10:15:12,300559,XSHE,91.03,1400,S
906,20161121,10:15:15,300559,XSHE,91.02,1500,S
907,20161121,10:15:18,300559,XSHE,91.03,3500,B
908,20161121,10:15:21,300559,XSHE,91.05,1800,B
909,20161121,10:15:24,300559,XSHE,91.02,1600,S
910,20161121,10:15:27,300559,XSHE,91.03,4000,B
911,20161121,10:15:30,300559,XSHE,91.02,2900,S
912,20161121,10:15:33,300559,XSHE,91.01,2000,S
913,20161121,10:15:36,300559,XSHE,91.0,2400,S
914,20161121,10:15:39,300559,XSHE,91.0,3700,S
915,20161121,10:15:42,300559,XSHE,91.0,1800,S
916,20161121,10:15:45,300559,XSHE,91.0,4500,S
917,20161121,10:15:48,300559,XSHE,91.0,6300,S
918,20161121,10:15:51,300559,XSHE,91.0,3100,S
919,20161121,10:15:54,300559,XSHE,91.0,600,B
920,20161121,10:15:57,300559,XSHE,91.0,3600,B
921,20161121,10:16:00,300559,XSHE,91.0,600,B
922,20161121,10:16:03,300559,XSHE,90.88,7400,S
923,20161121,10:16:06,300559,XSHE,91.0,900,B
924,20161121,10:16:09,300559,XSHE,90.95,1100,S
925,20161121,10:16:12,300559,XSHE,91.0,2400,B
926,20161121,10:16:15,300559,XSHE,90.87,1300,S
927,20161121,10:16:18,300559,XSHE,90.87,300,B
928,20161121,10:16:21,300559,XSHE,90.86,300,S
929,20161121,10:16:24,300559,XSHE,90.86,1700,S
930,20161121,10:16:27,300559,XSHE,90.87,4900,B
931,20161121,10:16:30,300559,XSHE,90.86,900,S
932,20161121,10:16:33,300559,XSHE,90.86,100,B
933,20161121,10:16:36,300559,XSHE,90.86,1000,B
934,20161121,10:16:39,300559,XSHE,90.86,1300,B
935,20161121,10:16:42,300559,XSHE,90.85,600,S
936,20161121,10:16:45,300559,XSHE,90.85,3000,B
937,20161121,10:16:48,300559,XSHE,90.86,3500,B
938,20161121,10:16:51,300559,XSHE,90.85,1900,S
939,20161121,10:16:54,300559,XSHE,90.85,1400,B
940,20161121,10:16:57,300559,XSHE,90.85,2300,B
941,20161121,10:17:00,300559,XSHE,90.83,2600,S
942,20161121,10:17:03,300559,XSHE,90.83,2900,B
943,20161121,10:17:06,300559,XSHE,90.85,1500,B
944,20161121,10:17:09,300559,XSHE,90.83,2700,S
945,20161121,10:17:12,300559,XSHE,90.82,6400,S
946,20161121,10:17:15,300559,XSHE,90.83,3600,B
947,20161121,10:17:18,300559,XSHE,90.82,1900,S
948,20161121,10:17:21,300559,XSHE,90.82,4000,B
949,20161121,10:17:24,300559,XSHE,90.82,400,B
950,20161121,10:17:27,300559,XSHE,90.83,2500,B
951,20161121,10:17:30,300559,XSHE,90.83,2400,B
952,20161121,10:17:33,300559,XSHE,90.81,1800,S
953,20161121,10:17:36,300559,XSHE,90.85,3800,B
954,20161121,10:17:39,300559,XSHE,90.85,1800,S
955,20161121,10:17:42,300559,XSHE,90.82,1500,S
956,20161121,10:17:45,300559,XSHE,90.83,2800,B
957,20161121,10:17:48,300559,XSHE,90.86,2500,B
958,20161121,10:17:51,300559,XSHE,90.85,5600,S
959,20161121,10:17:54,300559,XSHE,90.86,3100,B
960,20161121,10:17:57,300559,XSHE,90.82,2500,S
961,20161121,10:18:00,300559,XSHE,90.83,800,B
962,20161121,10:18:03,300559,XSHE,90.85,800,B
963,20161121,10:18:06,300559,XSHE,90.85,700,B
964,20161121,10:18:09,300559,XSHE,90.84,1300,S
965,20161121,10:18:12,300559,XSHE,90.83,1300,S
966,20161121,10:18:15,300559,XSHE,90.85,1200,B
967,20161121,10:18:18,300559,XSHE,90.86,2600,B
968,20161121,10:18:21,300559,XSHE,90.86,2900,S
969,20161121,10:18:24,300559,XSHE,90.87,1900,B
970,20161121,10:18:27,300559,XSHE,90.86,1450,S
971,20161121,10:18:30,300559,XSHE,90.87,1700,B
972,20161121,10:18:33,300559,XSHE,90.87,900,S
973,20161121,10:18:36,300559,XSHE,90.88,700,B
974,20161121,10:18:39,300559,XSHE,90.9,800,B
975,20161121,10:18:42,300559,XSHE,90.9,2700,B
976,20161121,10:18:45,300559,XSHE,90.9,1600,B
977,20161121,10:18:48,300559,XSHE,90.9,1700,S
978,20161121,10:18:51,300559,XSHE,90.9,1200,S
979,20161121,10:18:54,300559,XSHE,90.9,1300,S
980,20161121,10:18:57,300559,XSHE,90.95,700,B
981,20161121,10:19:00,300559,XSHE,90.95,200,S
982,20161121,10:19:03,300559,XSHE,90.95,1000,S
983,20161121,10:19:06,300559,XSHE,90.95,500,S
984,20161121,10:19:09,300559,XSHE,90.99,1400,B
985,20161121,10:19:12,300559,XSHE,90.95,2400,S
986,20161121,10:19:15,300559,XSHE,90.95,1300,S
987,20161121,10:19:18,300559,XSHE,90.99,1700,B
988,20161121,10:19:21,300559,XSHE,91.0,5636,B
989,20161121,10:19:24,300559,XSHE,90.99,3400,S
990,20161121,10:19:27,300559,XSHE,90.99,3600,S
991,20161121,10:19:30,300559,XSHE,91.01,2100,B
992,20161121,10:19:33,300559,XSHE,91.0,6300,S
993,20161121,10:19:36,300559,XSHE,91.0,2000,S
994,20161121,10:19:39,300559,XSHE,91.0,1500,S
995,20161121,10:19:42,300559,XSHE,91.01,100,B
996,20161121,10:19:45,300559,XSHE,91.13,1700,B
997,20161121,10:19:48,300559,XSHE,91.11,700,S
998,20161121,10:19:51,300559,XSHE,91.11,1000,B
999,20161121,10:19:54,300559,XSHE,91.14,600,B
1000,20161121,10:19:57,300559,XSHE,91.11,900,S
1001,20161121,10:20:00,300559,XSHE,91.14,700,B
1003,20161121,10:20:09,300559,XSHE,91.15,3000,B
1004,20161121,10:20:12,300559,XSHE,91.16,700,B
1005,20161121,10:20:15,300559,XSHE,91.15,1000,S
1006,20161121,10:20:18,300559,XSHE,91.16,1100,B
1007,20161121,10:20:21,300559,XSHE,91.16,3000,S
1008,20161121,10:20:24,300559,XSHE,91.16,2000,S
1010,20161121,10:20:30,300559,XSHE,91.16,1200,S
1011,20161121,10:20:33,300559,XSHE,91.2,1100,B
1012,20161121,10:20:36,300559,XSHE,91.2,1400,B
1013,20161121,10:20:39,300559,XSHE,91.2,2300,B
1014,20161121,10:20:42,300559,XSHE,91.2,3900,S
1015,20161121,10:20:45,300559,XSHE,91.23,1400,B
1017,20161121,10:20:51,300559,XSHE,91.24,2100,B
1018,20161121,10:20:54,300559,XSHE,91.26,1000,B
1019,20161121,10:20:57,300559,XSHE,91.25,500,S
1020,20161121,10:21:03,300559,XSHE,91.26,600,B
1021,20161121,10:21:06,300559,XSHE,91.25,500,S
1022,20161121,10:21:09,300559,XSHE,91.26,700,B
1023,20161121,10:21:12,300559,XSHE,91.25,1000,S
1024,20161121,10:21:15,300559,XSHE,91.3,9700,B
1025,20161121,10:21:18,300559,XSHE,91.25,900,S
1026,20161121,10:21:21,300559,XSHE,91.27,700,B
1027,20161121,10:21:24,300559,XSHE,91.29,600,B
1028,20161121,10:21:27,300559,XSHE,91.28,1100,S
1029,20161121,10:21:30,300559,XSHE,91.29,800,B
1030,20161121,10:21:33,300559,XSHE,91.26,2000,S
1031,20161121,10:21:36,300559,XSHE,91.3,700,B
1033,20161121,10:21:42,300559,XSHE,91.28,900,S
1034,20161121,10:21:45,300559,XSHE,91.3,3000,B
1035,20161121,10:21:48,300559,XSHE,91.3,2300,S
1036,20161121,10:21:51,300559,XSHE,91.3,600,S
1037,20161121,10:21:54,300559,XSHE,91.3,2300,S
1038,20161121,10:21:57,300559,XSHE,91.3,1600,S
1039,20161121,10:22:00,300559,XSHE,91.3,400,S
1040,20161121,10:22:03,300559,XSHE,91.3,1200,S
1041,20161121,10:22:06,300559,XSHE,91.27,3900,S
1042,20161121,10:22:09,300559,XSHE,91.3,1100,B
1043,20161121,10:22:12,300559,XSHE,91.3,500,B
1044,20161121,10:22:15,300559,XSHE,91.3,1900,B
1045,20161121,10:22:18,300559,XSHE,91.3,2400,B
1046,20161121,10:22:21,300559,XSHE,91.3,600,B
1047,20161121,10:22:24,300559,XSHE,91.3,1200,B
1048,20161121,10:22:27,300559,XSHE,91.25,1200,S
1049,20161121,10:22:30,300559,XSHE,91.27,1600,B
1050,20161121,10:22:33,300559,XSHE,91.27,400,B
1051,20161121,10:22:36,300559,XSHE,91.25,500,S
1052,20161121,10:22:39,300559,XSHE,91.25,1000,S
1053,20161121,10:22:42,300559,XSHE,91.25,1000,S
1054,20161121,10:22:45,300559,XSHE,91.25,600,B
1055,20161121,10:22:48,300559,XSHE,91.21,500,S
1057,20161121,10:22:54,300559,XSHE,91.25,400,B
1058,20161121,10:22:57,300559,XSHE,91.25,100,B
1059,20161121,10:23:00,300559,XSHE,91.2,800,S
1060,20161121,10:23:03,300559,XSHE,91.2,400,B
1061,20161121,10:23:06,300559,XSHE,91.17,1100,S
1064,20161121,10:23:15,300559,XSHE,91.16,500,S
1065,20161121,10:23:18,300559,XSHE,91.16,300,B
1066,20161121,10:23:21,300559,XSHE,91.15,500,S
1067,20161121,10:23:24,300559,XSHE,91.16,500,B
1068,20161121,10:23:27,300559,XSHE,91.15,900,S
1070,20161121,10:23:33,300559,XSHE,91.15,400,B
1071,20161121,10:23:36,300559,XSHE,91.12,1500,S
1072,20161121,10:23:39,300559,XSHE,91.14,600,B
1074,20161121,10:23:45,300559,XSHE,91.11,200,S
1077,20161121,10:23:54,300559,XSHE,91.1,700,S
1078,20161121,10:23:57,300559,XSHE,91.01,600,S
1079,20161121,10:24:00,300559,XSHE,91.01,600,B
1080,20161121,10:24:03,300559,XSHE,91.01,200,B
1081,20161121,10:24:06,300559,XSHE,91.0,300,S
1082,20161121,10:24:09,300559,XSHE,91.1,1600,B
1083,20161121,10:24:12,300559,XSHE,91.0,1000,S
1084,20161121,10:24:15,300559,XSHE,91.0,4900,S
1085,20161121,10:24:18,300559,XSHE,91.11,7000,B
1086,20161121,10:24:21,300559,XSHE,91.0,1300,S
1087,20161121,10:24:24,300559,XSHE,90.99,700,S
1088,20161121,10:24:27,300559,XSHE,91.0,300,B
1089,20161121,10:24:30,300559,XSHE,91.0,1400,B
1090,20161121,10:24:33,300559,XSHE,91.0,100,B
1091,20161121,10:24:36,300559,XSHE,91.0,1100,B
1092,20161121,10:24:39,300559,XSHE,91.0,1800,B
1093,20161121,10:24:42,300559,XSHE,91.0,1600,B
1094,20161121,10:24:45,300559,XSHE,91.0,3200,B
1096,20161121,10:24:51,300559,XSHE,90.99,500,S
1097,20161121,10:24:54,300559,XSHE,91.0,6900,B
1098,20161121,10:24:57,300559,XSHE,91.0,1600,S
1099,20161121,10:25:00,300559,XSHE,91.0,100,S
1100,20161121,10:25:03,300559,XSHE,91.0,2100,S
1101,20161121,10:25:06,300559,XSHE,91.01,2000,B
1102,20161121,10:25:09,300559,XSHE,91.0,3100,S
1103,20161121,10:25:12,300559,XSHE,91.0,700,S
1104,20161121,10:25:15,300559,XSHE,91.01,2000,B
1105,20161121,10:25:18,300559,XSHE,91.01,1500,S
1106,20161121,10:25:21,300559,XSHE,91.01,1100,S
1107,20161121,10:25:24,300559,XSHE,91.01,500,S
1108,20161121,10:25:27,300559,XSHE,91.03,600,B
1109,20161121,10:25:30,300559,XSHE,91.01,1000,S
1110,20161121,10:25:33,300559,XSHE,91.01,1100,S
1111,20161121,10:25:36,300559,XSHE,91.01,1600,S
1112,20161121,10:25:39,300559,XSHE,91.03,12300,B
1113,20161121,10:25:42,300559,XSHE,91.03,1100,B
1114,20161121,10:25:45,300559,XSHE,91.03,1400,B
1115,20161121,10:25:48,300559,XSHE,91.03,100,B
1116,20161121,10:25:51,300559,XSHE,91.09,1200,B
1117,20161121,10:25:54,300559,XSHE,91.1,1700,B
1118,20161121,10:25:57,300559,XSHE,91.1,1500,S
1119,20161121,10:26:00,300559,XSHE,91.1,200,S
1120,20161121,10:26:03,300559,XSHE,91.09,1200,S
1122,20161121,10:26:09,300559,XSHE,91.1,1200,B
1123,20161121,10:26:12,300559,XSHE,91.1,400,B
1124,20161121,10:26:15,300559,XSHE,91.09,1100,S
1125,20161121,10:26:18,300559,XSHE,91.1,700,B
1126,20161121,10:26:21,300559,XSHE,91.1,1600,B
1127,20161121,10:26:24,300559,XSHE,91.09,1100,S
1128,20161121,10:26:27,300559,XSHE,91.15,6000,B
1129,20161121,10:26:30,300559,XSHE,91.15,1300,S
1130,20161121,10:26:33,300559,XSHE,91.15,1100,S
1131,20161121,10:26:36,300559,XSHE,91.15,1300,S
1132,20161121,10:26:39,300559,XSHE,91.16,10500,B
1133,20161121,10:26:42,300559,XSHE,91.16,900,S
1134,20161121,10:26:45,300559,XSHE,91.16,1100,S
1135,20161121,10:26:48,300559,XSHE,91.15,2000,S
1136,20161121,10:26:51,300559,XSHE,91.16,3800,B
1137,20161121,10:26:54,300559,XSHE,91.19,1000,B
1138,20161121,10:26:57,300559,XSHE,91.15,1400,S
1139,20161121,10:27:00,300559,XSHE,91.21,1900,B
1141,20161121,10:27:06,300559,XSHE,91.2,2900,S
1142,20161121,10:27:09,300559,XSHE,91.23,1300,B
1143,20161121,10:27:12,300559,XSHE,91.19,1500,S
1144,20161121,10:27:15,300559,XSHE,91.2,1100,B
1145,20161121,10:27:18,300559,XSHE,91.22,800,B
1146,20161121,10:27:21,300559,XSHE,91.2,500,S
1147,20161121,10:27:24,300559,XSHE,91.22,1300,B
1148,20161121,10:27:27,300559,XSHE,91.21,1000,S
1149,20161121,10:27:30,300559,XSHE,91.2,1800,S
1150,20161121,10:27:33,300559,XSHE,91.2,1200,S
1151,20161121,10:27:36,300559,XSHE,91.21,1400,B
1152,20161121,10:27:39,300559,XSHE,91.24,1100,B
1153,20161121,10:27:42,300559,XSHE,91.22,1500,S
1154,20161121,10:27:45,300559,XSHE,91.24,2200,B
1155,20161121,10:27:48,300559,XSHE,91.2,1600,S
1156,20161121,10:27:51,300559,XSHE,91.24,200,B
1157,20161121,10:27:54,300559,XSHE,91.25,3600,B
1158,20161121,10:27:57,300559,XSHE,91.22,2000,S
1159,20161121,10:28:00,300559,XSHE,91.21,2000,S
1160,20161121,10:28:03,300559,XSHE,91.25,1900,B
1161,20161121,10:28:06,300559,XSHE,91.25,600,S
1162,20161121,10:28:09,300559,XSHE,91.25,500,S
1163,20161121,10:28:12,300559,XSHE,91.25,600,S
1164,20161121,10:28:15,300559,XSHE,91.26,4800,B
1165,20161121,10:28:18,300559,XSHE,91.27,100,B
1166,20161121,10:28:21,300559,XSHE,91.26,1200,S
1168,20161121,10:28:27,300559,XSHE,91.26,100,S
1169,20161121,10:28:30,300559,XSHE,91.26,100,S
1170,20161121,10:28:33,300559,XSHE,91.27,300,B
1171,20161121,10:28:36,300559,XSHE,91.29,2900,B
1172,20161121,10:28:39,300559,XSHE,91.27,1100,S
1173,20161121,10:28:42,300559,XSHE,91.27,1200,S
1174,20161121,10:28:45,300559,XSHE,91.29,5500,B
1175,20161121,10:28:48,300559,XSHE,91.3,300,B
1176,20161121,10:28:51,300559,XSHE,91.27,200,S
1177,20161121,10:28:54,300559,XSHE,91.27,300,S
1178,20161121,10:28:57,300559,XSHE,91.29,100,B
1179,20161121,10:29:00,300559,XSHE,91.3,5400,B
1180,20161121,10:29:03,300559,XSHE,91.29,1400,S
1181,20161121,10:29:06,300559,XSHE,91.29,1400,B
1182,20161121,10:29:09,300559,XSHE,91.27,1000,S
1183,20161121,10:29:12,300559,XSHE,91.29,1000,B
1184,20161121,10:29:15,300559,XSHE,91.26,500,S
1185,20161121,10:29:18,300559,XSHE,91.28,500,B
1186,20161121,10:29:21,300559,XSHE,91.27,900,S
1187,20161121,10:29:24,300559,XSHE,91.28,1100,B
1188,20161121,10:29:27,300559,XSHE,91.28,1300,B
1189,20161121,10:29:30,300559,XSHE,91.26,100,S
1190,20161121,10:29:33,300559,XSHE,91.28,200,B
1191,20161121,10:29:36,300559,XSHE,91.27,1700,S
1192,20161121,10:29:39,300559,XSHE,91.28,600,B
1193,20161121,10:29:42,300559,XSHE,91.27,1700,S
1194,20161121,10:29:45,300559,XSHE,91.28,4900,B
1195,20161121,10:29:48,300559,XSHE,91.28,200,S
1196,20161121,10:29:51,300559,XSHE,91.27,3200,S
1197,20161121,10:29:54,300559,XSHE,91.27,200,S
1198,20161121,10:29:57,300559,XSHE,91.27,100,B
1199,20161121,10:30:00,300559,XSHE,91.26,200,S
1200,20161121,10:30:03,300559,XSHE,91.27,600,B
1201,20161121,10:30:06,300559,XSHE,91.25,600,S
1202,20161121,10:30:09,300559,XSHE,91.27,1500,B
1204,20161121,10:30:15,300559,XSHE,91.25,100,S
1205,20161121,10:30:18,300559,XSHE,91.24,1100,S
1206,20161121,10:30:21,300559,XSHE,91.27,3400,B
1207,20161121,10:30:24,300559,XSHE,91.26,200,S
1208,20161121,10:30:27,300559,XSHE,91.26,900,S
1209,20161121,10:30:30,300559,XSHE,91.26,1800,S
1210,20161121,10:30:33,300559,XSHE,91.27,100,B
1211,20161121,10:30:36,300559,XSHE,91.27,3400,B
1212,20161121,10:30:39,300559,XSHE,91.26,500,S
1213,20161121,10:30:42,300559,XSHE,91.27,3100,B
1214,20161121,10:30:45,300559,XSHE,91.26,3000,S
1215,20161121,10:30:48,300559,XSHE,91.26,700,B
1216,20161121,10:30:51,300559,XSHE,91.26,600,B
1217,20161121,10:30:54,300559,XSHE,91.26,600,B
1218,20161121,10:30:57,300559,XSHE,91.26,200,B
1219,20161121,10:31:00,300559,XSHE,91.23,1000,S
1221,20161121,10:31:06,300559,XSHE,91.25,300,B
1222,20161121,10:31:09,300559,XSHE,91.22,200,S
1223,20161121,10:31:12,300559,XSHE,91.25,1600,B
1224,20161121,10:31:15,300559,XSHE,91.23,100,S
1225,20161121,10:31:18,300559,XSHE,91.22,600,S
1226,20161121,10:31:21,300559,XSHE,91.22,100,B
1227,20161121,10:31:24,300559,XSHE,91.2,800,S
1228,20161121,10:31:27,300559,XSHE,91.23,1400,B
1229,20161121,10:31:30,300559,XSHE,91.22,700,S
1230,20161121,10:31:33,300559,XSHE,91.22,200,B
1231,20161121,10:31:36,300559,XSHE,91.2,800,S
1232,20161121,10:31:39,300559,XSHE,91.2,700,S
1233,20161121,10:31:42,300559,XSHE,91.21,600,B
1234,20161121,10:31:45,300559,XSHE,91.22,900,B
1235,20161121,10:31:48,300559,XSHE,91.11,200,S
1236,20161121,10:31:51,300559,XSHE,91.21,1600,B
1237,20161121,10:31:54,300559,XSHE,91.17,1000,S
1238,20161121,10:31:57,300559,XSHE,91.17,800,S
1239,20161121,10:32:00,300559,XSHE,91.2,300,B
1240,20161121,10:32:03,300559,XSHE,91.2,300,B
1241,20161121,10:32:06,300559,XSHE,91.17,1500,S
1243,20161121,10:32:12,300559,XSHE,91.17,200,B
1244,20161121,10:32:15,300559,XSHE,91.17,200,B
1245,20161121,10:32:18,300559,XSHE,91.11,500,S
1246,20161121,10:32:21,300559,XSHE,91.11,800,B
1248,20161121,10:32:27,300559,XSHE,91.11,1200,B
1250,20161121,10:32:33,300559,XSHE,91.1,500,S
1252,20161121,10:32:39,300559,XSHE,91.1,400,B
1253,20161121,10:32:42,300559,XSHE,91.1,600,B
1254,20161121,10:32:45,300559,XSHE,91.1,1500,B
1255,20161121,10:32:48,300559,XSHE,91.1,1400,B
1256,20161121,10:32:51,300559,XSHE,91.06,400,S
1257,20161121,10:32:54,300559,XSHE,91.06,900,S
1258,20161121,10:32:57,300559,XSHE,91.03,1000,S
1259,20161121,10:33:00,300559,XSHE,91.04,100,B
1260,20161121,10:33:03,300559,XSHE,91.06,1700,B
1261,20161121,10:33:06,300559,XSHE,91.06,200,S
1262,20161121,10:33:09,300559,XSHE,91.03,800,S
1263,20161121,10:33:12,300559,XSHE,91.03,700,S
1264,20161121,10:33:15,300559,XSHE,91.03,1000,S
1265,20161121,10:33:18,300559,XSHE,91.03,500,S
1266,20161121,10:33:21,300559,XSHE,91.03,800,S
1267,20161121,10:33:24,300559,XSHE,91.05,1500,B
1268,20161121,10:33:27,300559,XSHE,91.06,2200,B
1269,20161121,10:33:30,300559,XSHE,91.04,1000,S
1270,20161121,10:33:33,300559,XSHE,91.04,500,S
1271,20161121,10:33:36,300559,XSHE,91.08,300,B
1272,20161121,10:33:39,300559,XSHE,91.06,1700,S
1273,20161121,10:33:42,300559,XSHE,91.06,1000,S
1274,20161121,10:33:45,300559,XSHE,91.08,200,B
1275,20161121,10:33:48,300559,XSHE,91.09,900,B
1276,20161121,10:33:51,300559,XSHE,91.06,1700,S
1277,20161121,10:33:54,300559,XSHE,91.05,1500,S
1278,20161121,10:33:57,300559,XSHE,91.08,200,B
1279,20161121,10:34:00,300559,XSHE,91.08,1600,B
1280,20161121,10:34:03,300559,XSHE,91.08,400,S
1281,20161121,10:34:06,300559,XSHE,91.05,700,S
1282,20161121,10:34:09,300559,XSHE,91.08,600,B
1283,20161121,10:34:12,300559,XSHE,91.05,1400,S
1284,20161121,10:34:15,300559,XSHE,91.08,900,B
1285,20161121,10:34:18,300559,XSHE,91.06,800,S
1286,20161121,10:34:21,300559,XSHE,91.05,600,S
1287,20161121,10:34:24,300559,XSHE,91.06,1200,B
1288,20161121,10:34:27,300559,XSHE,91.05,200,S
1289,20161121,10:34:30,300559,XSHE,91.05,100,B
1290,20161121,10:34:33,300559,XSHE,91.05,1200,B
1291,20161121,10:34:36,300559,XSHE,91.05,1600,B
1292,20161121,10:34:39,300559,XSHE,91.05,1100,B
1293,20161121,10:34:42,300559,XSHE,91.05,1000,B
1294,20161121,10:34:45,300559,XSHE,91.03,1200,S
1295,20161121,10:34:48,300559,XSHE,91.03,1300,S
1296,20161121,10:34:51,300559,XSHE,91.02,600,S
1297,20161121,10:34:54,300559,XSHE,91.03,400,B
1298,20161121,10:34:57,300559,XSHE,91.04,400,B
1299,20161121,10:35:00,300559,XSHE,91.02,700,S
1300,20161121,10:35:03,300559,XSHE,91.02,2200,S
1301,20161121,10:35:06,300559,XSHE,91.02,1000,S
1302,20161121,10:35:09,300559,XSHE,91.01,1100,S
1303,20161121,10:35:12,300559,XSHE,91.01,3200,S
1304,20161121,10:35:15,300559,XSHE,91.04,500,B
1305,20161121,10:35:18,300559,XSHE,91.04,500,S
1306,20161121,10:35:21,300559,XSHE,91.04,400,S
1307,20161121,10:35:24,300559,XSHE,91.05,900,B
1308,20161121,10:35:27,300559,XSHE,91.04,800,S
1309,20161121,10:35:30,300559,XSHE,91.04,300,B
1310,20161121,10:35:33,300559,XSHE,91.04,1000,B
1313,20161121,10:35:42,300559,XSHE,91.04,100,B
1314,20161121,10:35:45,300559,XSHE,91.03,3700,S
1315,20161121,10:35:48,300559,XSHE,91.04,100,B
1316,20161121,10:35:51,300559,XSHE,91.03,2200,S
1317,20161121,10:35:54,300559,XSHE,91.03,500,S
1318,20161121,10:35:57,300559,XSHE,91.04,1100,B
1319,20161121,10:36:00,300559,XSHE,91.03,900,S
1320,20161121,10:36:03,300559,XSHE,91.04,3000,B
1321,20161121,10:36:06,300559,XSHE,91.03,500,S
1322,20161121,10:36:09,300559,XSHE,91.03,400,B
1323,20161121,10:36:12,300559,XSHE,91.03,1200,B
1324,20161121,10:36:15,300559,XSHE,91.02,2900,S
1325,20161121,10:36:18,300559,XSHE,91.03,100,B
1326,20161121,10:36:21,300559,XSHE,91.03,1200,S
1327,20161121,10:36:24,300559,XSHE,91.03,700,S
1329,20161121,10:36:30,300559,XSHE,91.05,3200,B
1330,20161121,10:36:33,300559,XSHE,91.02,900,S
1331,20161121,10:36:36,300559,XSHE,91.03,800,B
1332,20161121,10:36:39,300559,XSHE,91.05,1500,B
1333,20161121,10:36:42,300559,XSHE,91.03,1000,S
1334,20161121,10:36:45,300559,XSHE,91.03,1900,S
1335,20161121,10:36:48,300559,XSHE,91.03,1600,S
1336,20161121,10:36:51,300559,XSHE,91.05,700,B
1337,20161121,10:36:54,300559,XSHE,91.03,1600,S
1338,20161121,10:36:57,300559,XSHE,91.03,1600,S
1339,20161121,10:37:00,300559,XSHE,91.05,1600,B
1340,20161121,10:37:03,300559,XSHE,91.05,1000,B
1341,20161121,10:37:06,300559,XSHE,91.03,900,S
1342,20161121,10:37:09,300559,XSHE,91.05,200,B
1343,20161121,10:37:12,300559,XSHE,91.05,1300,S
1345,20161121,10:37:18,300559,XSHE,91.05,1100,S
1346,20161121,10:37:21,300559,XSHE,91.05,1500,S
1347,20161121,10:37:27,300559,XSHE,91.05,1200,B
1348,20161121,10:37:30,300559,XSHE,91.05,300,B
1349,20161121,10:37:33,300559,XSHE,91.05,700,B
1350,20161121,10:37:36,300559,XSHE,91.05,1900,S
1351,20161121,10:37:42,300559,XSHE,91.05,600,B
1352,20161121,10:37:45,300559,XSHE,91.05,1100,B
1353,20161121,10:37:48,300559,XSHE,91.05,1800,B
1354,20161121,10:37:51,300559,XSHE,91.05,200,B
1355,20161121,10:37:54,300559,XSHE,91.05,100,B
1356,20161121,10:37:57,300559,XSHE,91.03,1600,S
1357,20161121,10:38:00,300559,XSHE,91.05,300,B
1358,20161121,10:38:03,300559,XSHE,91.05,200,B
1359,20161121,10:38:06,300559,XSHE,91.05,1400,B
1360,20161121,10:38:09,300559,XSHE,91.05,1100,B
1361,20161121,10:38:12,300559,XSHE,91.03,900,S
1362,20161121,10:38:15,300559,XSHE,91.05,400,B
1363,20161121,10:38:18,300559,XSHE,91.02,500,S
1364,20161121,10:38:21,300559,XSHE,91.04,100,B
1365,20161121,10:38:24,300559,XSHE,91.04,100,B
1367,20161121,10:38:30,300559,XSHE,91.04,1400,B
1368,20161121,10:38:33,300559,XSHE,91.02,400,S
1369,20161121,10:38:36,300559,XSHE,91.03,200,B
1370,20161121,10:38:39,300559,XSHE,91.02,1900,S
1371,20161121,10:38:42,300559,XSHE,91.03,1400,B
1372,20161121,10:38:45,300559,XSHE,91.02,600,S
1373,20161121,10:38:48,300559,XSHE,91.02,500,S
1374,20161121,10:38:51,300559,XSHE,91.03,900,B
1375,20161121,10:38:54,300559,XSHE,91.02,600,S
1376,20161121,10:38:57,300559,XSHE,91.04,1800,B
1377,20161121,10:39:03,300559,XSHE,91.03,500,S
1378,20161121,10:39:06,300559,XSHE,91.04,600,B
1379,20161121,10:39:09,300559,XSHE,91.04,1000,B
1380,20161121,10:39:12,300559,XSHE,91.04,2200,B
1381,20161121,10:39:15,300559,XSHE,91.03,400,S
1382,20161121,10:39:18,300559,XSHE,91.04,900,B
1383,20161121,10:39:21,300559,XSHE,91.04,1300,B
1385,20161121,10:39:27,300559,XSHE,91.03,1200,S
1386,20161121,10:39:30,300559,XSHE,91.02,700,S
1387,20161121,10:39:33,300559,XSHE,91.02,600,S
1388,20161121,10:39:36,300559,XSHE,91.03,1000,B
1389,20161121,10:39:39,300559,XSHE,91.03,300,B
1390,20161121,10:39:42,300559,XSHE,91.02,500,S
1391,20161121,10:39:45,300559,XSHE,91.03,300,B
1392,20161121,10:39:48,300559,XSHE,91.03,500,B
1394,20161121,10:39:54,300559,XSHE,91.03,3500,B
1395,20161121,10:39:57,300559,XSHE,91.02,1300,S
1396,20161121,10:40:00,300559,XSHE,91.03,600,B
1397,20161121,10:40:03,300559,XSHE,91.02,500,S
1398,20161121,10:40:06,300559,XSHE,91.02,500,S
1399,20161121,10:40:09,300559,XSHE,91.04,4200,B
1400,20161121,10:40:12,300559,XSHE,91.04,1000,S
1401,20161121,10:40:15,300559,XSHE,91.04,500,S
1402,20161121,10:40:18,300559,XSHE,91.05,8200,B
1403,20161121,10:40:21,300559,XSHE,91.05,200,S
1404,20161121,10:40:24,300559,XSHE,91.05,2000,S
1405,20161121,10:40:27,300559,XSHE,91.06,1200,B
1406,20161121,10:40:30,300559,XSHE,91.05,1900,S
1407,20161121,10:40:33,300559,XSHE,91.06,1000,B
1408,20161121,10:40:36,300559,XSHE,91.05,700,S
1409,20161121,10:40:39,300559,XSHE,91.05,1500,S
1410,20161121,10:40:42,300559,XSHE,91.05,500,S
1411,20161121,10:40:45,300559,XSHE,91.06,500,B
1412,20161121,10:40:48,300559,XSHE,91.08,4400,B
1413,20161121,10:40:51,300559,XSHE,91.08,800,S
1414,20161121,10:40:54,300559,XSHE,91.05,1000,S
1415,20161121,10:40:57,300559,XSHE,91.1,3000,B
1416,20161121,10:41:00,300559,XSHE,91.1,300,B
1418,20161121,10:41:06,300559,XSHE,91.09,100,S
1419,20161121,10:41:09,300559,XSHE,91.09,1100,S
1420,20161121,10:41:12,300559,XSHE,91.07,3400,S
1421,20161121,10:41:15,300559,XSHE,91.1,1000,B
1422,20161121,10:41:18,300559,XSHE,91.1,1300,B
1423,20161121,10:41:21,300559,XSHE,91.1,1200,B
1424,20161121,10:41:24,300559,XSHE,91.1,1000,B
1425,20161121,10:41:27,300559,XSHE,91.1,1000,B
1426,20161121,10:41:30,300559,XSHE,91.1,300,B
1427,20161121,10:41:33,300559,XSHE,91.1,1200,B
1428,20161121,10:41:36,300559,XSHE,91.1,5000,B
1429,20161121,10:41:39,300559,XSHE,91.1,100,B
1430,20161121,10:41:42,300559,XSHE,91.09,1000,S
1431,20161121,10:41:45,300559,XSHE,91.1,2700,B
1432,20161121,10:41:48,300559,XSHE,91.09,900,S
1433,20161121,10:41:51,300559,XSHE,91.1,1000,B
1434,20161121,10:41:54,300559,XSHE,91.1,400,S
1435,20161121,10:41:57,300559,XSHE,91.11,400,B
1436,20161121,10:42:00,300559,XSHE,91.14,500,B
1437,20161121,10:42:03,300559,XSHE,91.11,1300,S
1438,20161121,10:42:06,300559,XSHE,91.15,500,B
1439,20161121,10:42:09,300559,XSHE,91.11,1500,S
1440,20161121,10:42:12,300559,XSHE,91.17,700,B
1441,20161121,10:42:15,300559,XSHE,91.15,500,S
1444,20161121,10:42:24,300559,XSHE,91.17,1200,B
1445,20161121,10:42:27,300559,XSHE,91.17,900,B
1446,20161121,10:42:30,300559,XSHE,91.16,1300,S
1447,20161121,10:42:33,300559,XSHE,91.15,900,S
1448,20161121,10:42:36,300559,XSHE,91.17,2500,B
1449,20161121,10:42:39,300559,XSHE,91.16,100,S
1450,20161121,10:42:42,300559,XSHE,91.16,900,S
1452,20161121,10:42:48,300559,XSHE,91.2,3400,B
1453,20161121,10:42:51,300559,XSHE,91.18,500,S
1454,20161121,10:42:54,300559,XSHE,91.19,500,B
1455,20161121,10:42:57,300559,XSHE,91.19,100,S
1456,20161121,10:43:00,300559,XSHE,91.2,1800,B
1457,20161121,10:43:03,300559,XSHE,91.19,900,S
1458,20161121,10:43:06,300559,XSHE,91.19,500,S
1459,20161121,10:43:09,300559,XSHE,91.2,500,B
1460,20161121,10:43:12,300559,XSHE,91.2,700,S
1461,20161121,10:43:15,300559,XSHE,91.2,600,S
1462,20161121,10:43:18,300559,XSHE,91.2,200,S
1463,20161121,10:43:21,300559,XSHE,91.2,1300,S
1464,20161121,10:43:24,300559,XSHE,91.2,1600,S
1465,20161121,10:43:27,300559,XSHE,91.2,900,B
1466,20161121,10:43:30,300559,XSHE,91.2,400,B
1467,20161121,10:43:33,300559,XSHE,91.22,1100,B
1468,20161121,10:43:36,300559,XSHE,91.2,800,S
1469,20161121,10:43:39,300559,XSHE,91.22,1900,B
1470,20161121,10:43:42,300559,XSHE,91.22,500,S
1471,20161121,10:43:45,300559,XSHE,91.22,1300,S
1472,20161121,10:43:48,300559,XSHE,91.22,600,S
1474,20161121,10:43:54,300559,XSHE,91.22,700,B
1475,20161121,10:43:57,300559,XSHE,91.22,400,B
1476,20161121,10:44:00,300559,XSHE,91.23,300,B
1477,20161121,10:44:03,300559,XSHE,91.23,700,B
1478,20161121,10:44:06,300559,XSHE,91.23,1500,S
1480,20161121,10:44:12,300559,XSHE,91.23,1200,S
1481,20161121,10:44:15,300559,XSHE,91.22,500,S
1482,20161121,10:44:18,300559,XSHE,91.22,1100,S
1483,20161121,10:44:21,300559,XSHE,91.23,700,B
1485,20161121,10:44:27,300559,XSHE,91.23,900,S
1486,20161121,10:44:30,300559,XSHE,91.24,1600,B
1488,20161121,10:44:36,300559,XSHE,91.23,800,S
1489,20161121,10:44:39,300559,XSHE,91.24,1600,B
1490,20161121,10:44:42,300559,XSHE,91.25,1400,B
1491,20161121,10:44:45,300559,XSHE,91.24,600,S
1493,20161121,10:44:51,300559,XSHE,91.21,1100,S
1494,20161121,10:44:54,300559,XSHE,91.25,1200,B
1495,20161121,10:44:57,300559,XSHE,91.24,200,S
1496,20161121,10:45:00,300559,XSHE,91.24,500,S
1497,20161121,10:45:03,300559,XSHE,91.24,800,S
1498,20161121,10:45:06,300559,XSHE,91.25,1100,B
1499,20161121,10:45:09,300559,XSHE,91.25,2300,B
1500,20161121,10:45:12,300559,XSHE,91.24,700,S
1501,20161121,10:45:15,300559,XSHE,91.25,800,B
1502,20161121,10:45:18,300559,XSHE,91.25,2000,B
1503,20161121,10:45:21,300559,XSHE,91.24,1000,S
1504,20161121,10:45:24,300559,XSHE,91.24,2800,S
1505,20161121,10:45:27,300559,XSHE,91.26,500,B
1506,20161121,10:45:30,300559,XSHE,91.24,1000,S
1507,20161121,10:45:33,300559,XSHE,91.25,800,B
1508,20161121,10:45:36,300559,XSHE,91.25,100,S
1509,20161121,10:45:39,300559,XSHE,91.24,4400,S
1511,20161121,10:45:45,300559,XSHE,91.26,1100,B
1512,20161121,10:45:48,300559,XSHE,91.26,300,S
1513,20161121,10:45:51,300559,XSHE,91.27,500,B
1514,20161121,10:45:54,300559,XSHE,91.26,1700,S
1515,20161121,10:45:57,300559,XSHE,91.27,400,B
1516,20161121,10:46:00,300559,XSHE,91.27,2700,B
1517,20161121,10:46:03,300559,XSHE,91.29,12500,B
1518,20161121,10:46:06,300559,XSHE,91.27,500,S
1519,20161121,10:46:09,300559,XSHE,91.28,600,B
1520,20161121,10:46:12,300559,XSHE,91.29,900,B
1521,20161121,10:46:15,300559,XSHE,91.29,1200,B
1522,20161121,10:46:18,300559,XSHE,91.28,2700,S
1523,20161121,10:46:21,300559,XSHE,91.28,100,B
1524,20161121,10:46:24,300559,XSHE,91.29,2500,B
1525,20161121,10:46:27,300559,XSHE,91.29,400,B
1526,20161121,10:46:30,300559,XSHE,91.27,1100,S
1527,20161121,10:46:33,300559,XSHE,91.3,800,B
1528,20161121,10:46:36,300559,XSHE,91.29,1100,S
1529,20161121,10:46:39,300559,XSHE,91.29,800,S
1530,20161121,10:46:42,300559,XSHE,91.3,1300,B
1531,20161121,10:46:45,300559,XSHE,91.29,200,S
1532,20161121,10:46:48,300559,XSHE,91.3,1600,B
1533,20161121,10:46:51,300559,XSHE,91.3,5300,B
1534,20161121,10:46:54,300559,XSHE,91.29,1300,S
1535,20161121,10:46:57,300559,XSHE,91.3,300,B
1536,20161121,10:47:00,300559,XSHE,91.29,3900,S
1537,20161121,10:47:03,300559,XSHE,91.3,3400,B
1538,20161121,10:47:06,300559,XSHE,91.29,1700,S
1539,20161121,10:47:09,300559,XSHE,91.3,1000,B
1540,20161121,10:47:12,300559,XSHE,91.29,3900,S
1541,20161121,10:47:15,300559,XSHE,91.29,600,S
1542,20161121,10:47:18,300559,XSHE,91.3,1500,B
1543,20161121,10:47:21,300559,XSHE,91.29,1200,S
1544,20161121,10:47:24,300559,XSHE,91.3,1200,B
1545,20161121,10:47:27,300559,XSHE,91.3,500,B
1546,20161121,10:47:30,300559,XSHE,91.3,600,B
1547,20161121,10:47:33,300559,XSHE,91.3,200,B
1548,20161121,10:47:36,300559,XSHE,91.3,800,B
1549,20161121,10:47:39,300559,XSHE,91.3,1900,B
1550,20161121,10:47:42,300559,XSHE,91.3,800,B
1551,20161121,10:47:45,300559,XSHE,91.3,1000,B
1552,20161121,10:47:48,300559,XSHE,91.3,1900,B
1553,20161121,10:47:51,300559,XSHE,91.29,400,S
1554,20161121,10:47:54,300559,XSHE,91.3,600,B
1555,20161121,10:47:57,300559,XSHE,91.3,100,B
1556,20161121,10:48:00,300559,XSHE,91.29,600,S
1557,20161121,10:48:03,300559,XSHE,91.3,700,B
1558,20161121,10:48:06,300559,XSHE,91.3,600,B
1559,20161121,10:48:09,300559,XSHE,91.3,600,B
1560,20161121,10:48:12,300559,XSHE,91.3,2400,B
1561,20161121,10:48:15,300559,XSHE,91.29,3300,S
1562,20161121,10:48:18,300559,XSHE,91.3,900,B
1563,20161121,10:48:21,300559,XSHE,91.3,600,B
1566,20161121,10:48:30,300559,XSHE,91.3,3100,B
1567,20161121,10:48:33,300559,XSHE,91.28,1000,S
1569,20161121,10:48:42,300559,XSHE,91.29,400,B
1571,20161121,10:48:48,300559,XSHE,91.29,800,B
1572,20161121,10:48:51,300559,XSHE,91.29,700,B
1573,20161121,10:48:54,300559,XSHE,91.29,3400,S
1574,20161121,10:48:57,300559,XSHE,91.29,2100,S
1575,20161121,10:49:00,300559,XSHE,91.3,3600,B
1576,20161121,10:49:03,300559,XSHE,91.29,1500,S
1577,20161121,10:49:06,300559,XSHE,91.3,500,B
1578,20161121,10:49:09,300559,XSHE,91.29,900,S
1580,20161121,10:49:15,300559,XSHE,91.29,700,S
1581,20161121,10:49:18,300559,XSHE,91.29,600,S
1582,20161121,10:49:21,300559,XSHE,91.29,3700,S
1583,20161121,10:49:24,300559,XSHE,91.29,2400,S
1584,20161121,10:49:27,300559,XSHE,91.3,300,B
1585,20161121,10:49:30,300559,XSHE,91.3,500,S
1586,20161121,10:49:33,300559,XSHE,91.3,700,S
1587,20161121,10:49:36,300559,XSHE,91.3,300,S
1588,20161121,10:49:39,300559,XSHE,91.31,700,B
1589,20161121,10:49:42,300559,XSHE,91.31,1700,S
1590,20161121,10:49:45,300559,XSHE,91.31,1600,S
1591,20161121,10:49:48,300559,XSHE,91.31,1500,S
1592,20161121,10:49:51,300559,XSHE,91.31,1200,S
1593,20161121,10:49:54,300559,XSHE,91.31,1100,S
1594,20161121,10:49:57,300559,XSHE,91.32,100,B
1595,20161121,10:50:00,300559,XSHE,91.31,1300,S
1596,20161121,10:50:03,300559,XSHE,91.32,2100,B
1597,20161121,10:50:06,300559,XSHE,91.32,1300,S
1598,20161121,10:50:09,300559,XSHE,91.32,700,S
1599,20161121,10:50:12,300559,XSHE,91.32,800,S
1600,20161121,10:50:15,300559,XSHE,91.32,900,S
1601,20161121,10:50:18,300559,XSHE,91.32,600,S
1602,20161121,10:50:21,300559,XSHE,91.34,2100,B
1603,20161121,10:50:24,300559,XSHE,91.32,500,S
1604,20161121,10:50:27,300559,XSHE,91.32,900,S
1605,20161121,10:50:30,300559,XSHE,91.33,2300,B
1606,20161121,10:50:33,300559,XSHE,91.35,600,B
1607,20161121,10:50:36,300559,XSHE,91.33,1000,S
1608,20161121,10:50:39,300559,XSHE,91.33,2400,S
1609,20161121,10:50:42,300559,XSHE,91.32,500,S
1610,20161121,10:50:45,300559,XSHE,91.35,1200,B
1611,20161121,10:50:48,300559,XSHE,91.35,2800,B
1612,20161121,10:50:51,300559,XSHE,91.35,1800,B
1613,20161121,10:50:54,300559,XSHE,91.34,400,S
1614,20161121,10:50:57,300559,XSHE,91.35,500,B
1615,20161121,10:51:00,300559,XSHE,91.33,1400,S
1616,20161121,10:51:03,300559,XSHE,91.36,3200,B
1617,20161121,10:51:06,300559,XSHE,91.35,700,S
1618,20161121,10:51:09,300559,XSHE,91.35,300,S
1619,20161121,10:51:12,300559,XSHE,91.35,1400,S
1620,20161121,10:51:15,300559,XSHE,91.36,1600,B
1621,20161121,10:51:18,300559,XSHE,91.4,7800,B
1622,20161121,10:51:21,300559,XSHE,91.36,1000,S
1623,20161121,10:51:24,300559,XSHE,91.36,500,S
1624,20161121,10:51:27,300559,XSHE,91.36,500,S
1625,20161121,10:51:30,300559,XSHE,91.37,1600,B
1626,20161121,10:51:33,300559,XSHE,91.37,100,S
1627,20161121,10:51:36,300559,XSHE,91.4,300,B
1628,20161121,10:51:39,300559,XSHE,91.4,3300,B
1629,20161121,10:51:42,300559,XSHE,91.41,500,B
1634,20161121,10:51:57,300559,XSHE,91.42,1600,B
1635,20161121,10:52:00,300559,XSHE,91.42,800,B
1636,20161121,10:52:03,300559,XSHE,91.41,1300,S
1637,20161121,10:52:06,300559,XSHE,91.43,300,B
1638,20161121,10:52:09,300559,XSHE,91.44,700,B
1639,20161121,10:52:12,300559,XSHE,91.44,400,B
1641,20161121,10:52:18,300559,XSHE,91.43,600,S
1642,20161121,10:52:21,300559,XSHE,91.44,947,B
1644,20161121,10:52:27,300559,XSHE,91.44,200,S
1645,20161121,10:52:30,300559,XSHE,91.45,200,B
1646,20161121,10:52:33,300559,XSHE,91.45,300,B
1647,20161121,10:52:36,300559,XSHE,91.46,6100,B
1648,20161121,10:52:39,300559,XSHE,91.46,500,S
1649,20161121,10:52:42,300559,XSHE,91.49,600,B
1650,20161121,10:52:45,300559,XSHE,91.49,1000,B
1651,20161121,10:52:48,300559,XSHE,91.5,988,B
1652,20161121,10:52:51,300559,XSHE,91.5,100,B
1653,20161121,10:52:54,300559,XSHE,91.5,5300,B
1654,20161121,10:52:57,300559,XSHE,91.5,100,B
1655,20161121,10:53:00,300559,XSHE,91.5,5800,B
1656,20161121,10:53:03,300559,XSHE,91.49,1100,S
1657,20161121,10:53:06,300559,XSHE,91.52,1500,B
1658,20161121,10:53:09,300559,XSHE,91.52,1600,S
1659,20161121,10:53:12,300559,XSHE,91.54,800,B
1661,20161121,10:53:18,300559,XSHE,91.52,500,S
1662,20161121,10:53:21,300559,XSHE,91.54,500,B
1663,20161121,10:53:24,300559,XSHE,91.55,1500,B
1664,20161121,10:53:27,300559,XSHE,91.55,800,B
1665,20161121,10:53:30,300559,XSHE,91.55,100,B
1666,20161121,10:53:33,300559,XSHE,91.55,500,B
1667,20161121,10:53:36,300559,XSHE,91.55,800,B
1668,20161121,10:53:39,300559,XSHE,91.54,800,S
1669,20161121,10:53:42,300559,XSHE,91.55,1300,B
1670,20161121,10:53:45,300559,XSHE,91.6,8000,B
1671,20161121,10:53:48,300559,XSHE,91.58,200,S
1672,20161121,10:53:51,300559,XSHE,91.56,1000,S
1673,20161121,10:53:54,300559,XSHE,91.57,600,B
1674,20161121,10:53:57,300559,XSHE,91.6,1200,B
1675,20161121,10:54:00,300559,XSHE,91.6,2500,B
1676,20161121,10:54:03,300559,XSHE,91.6,800,B
1677,20161121,10:54:06,300559,XSHE,91.6,1200,B
1678,20161121,10:54:09,300559,XSHE,91.6,2400,S
1679,20161121,10:54:12,300559,XSHE,91.6,100,S
1680,20161121,10:54:15,300559,XSHE,91.6,700,S
1681,20161121,10:54:18,300559,XSHE,91.61,300,B
1682,20161121,10:54:21,300559,XSHE,91.61,300,S
1684,20161121,10:54:27,300559,XSHE,91.62,500,B
1686,20161121,10:54:33,300559,XSHE,91.62,100,B
1687,20161121,10:54:36,300559,XSHE,91.62,1400,B
1688,20161121,10:54:39,300559,XSHE,91.62,500,S
1689,20161121,10:54:42,300559,XSHE,91.63,100,B
1690,20161121,10:54:45,300559,XSHE,91.62,3000,S
1691,20161121,10:54:48,300559,XSHE,91.64,200,B
1692,20161121,10:54:51,300559,XSHE,91.63,2400,S
1693,20161121,10:54:54,300559,XSHE,91.65,300,B
1694,20161121,10:54:57,300559,XSHE,91.66,800,B
1695,20161121,10:55:00,300559,XSHE,91.66,500,B
1696,20161121,10:55:03,300559,XSHE,91.65,1700,S
1697,20161121,10:55:06,300559,XSHE,91.66,800,B
1699,20161121,10:55:12,300559,XSHE,91.68,600,B
1700,20161121,10:55:15,300559,XSHE,91.68,800,B
1701,20161121,10:55:18,300559,XSHE,91.67,1300,S
1702,20161121,10:55:21,300559,XSHE,91.7,2700,B
1703,20161121,10:55:24,300559,XSHE,91.7,200,B
1704,20161121,10:55:27,300559,XSHE,91.7,400,B
1705,20161121,10:55:30,300559,XSHE,91.73,400,B
1706,20161121,10:55:33,300559,XSHE,91.7,1900,S
1707,20161121,10:55:36,300559,XSHE,91.73,700,B
1708,20161121,10:55:39,300559,XSHE,91.73,700,B
1709,20161121,10:55:42,300559,XSHE,91.78,1800,B
1711,20161121,10:55:48,300559,XSHE,91.73,100,S
1712,20161121,10:55:51,300559,XSHE,91.79,300,B
1713,20161121,10:55:54,300559,XSHE,91.8,1600,B
1714,20161121,10:55:57,300559,XSHE,91.78,800,S
1715,20161121,10:56:00,300559,XSHE,91.79,2000,B
1717,20161121,10:56:06,300559,XSHE,91.85,300,B
1718,20161121,10:56:09,300559,XSHE,91.85,400,S
1719,20161121,10:56:12,300559,XSHE,91.85,200,S
1720,20161121,10:56:15,300559,XSHE,91.85,800,S
1721,20161121,10:56:18,300559,XSHE,91.88,1000,B
1722,20161121,10:56:21,300559,XSHE,91.88,1000,B
1723,20161121,10:56:24,300559,XSHE,91.88,1800,S
1724,20161121,10:56:27,300559,XSHE,91.88,1000,S
1725,20161121,10:56:30,300559,XSHE,91.9,1100,B
1726,20161121,10:56:33,300559,XSHE,91.9,500,S
1727,20161121,10:56:36,300559,XSHE,91.93,1200,B
1728,20161121,10:56:39,300559,XSHE,91.93,100,B
1729,20161121,10:56:42,300559,XSHE,91.93,700,S
1730,20161121,10:56:45,300559,XSHE,91.95,200,B
1731,20161121,10:56:48,300559,XSHE,91.95,800,B
1732,20161121,10:56:51,300559,XSHE,91.96,1900,B
1733,20161121,10:56:54,300559,XSHE,91.95,1600,S
1734,20161121,10:56:57,300559,XSHE,91.96,900,B
1735,20161121,10:57:00,300559,XSHE,91.97,1500,B
1736,20161121,10:57:03,300559,XSHE,91.96,6700,S
1737,20161121,10:57:06,300559,XSHE,91.98,1600,B
1738,20161121,10:57:09,300559,XSHE,91.98,1800,S
1739,20161121,10:57:12,300559,XSHE,91.98,14500,S
1740,20161121,10:57:15,300559,XSHE,91.97,1600,S
1741,20161121,10:57:18,300559,XSHE,92.0,5200,B
1742,20161121,10:57:21,300559,XSHE,92.0,1600,B
1743,20161121,10:57:24,300559,XSHE,91.98,1200,S
1744,20161121,10:57:27,300559,XSHE,91.99,2800,B
1745,20161121,10:57:30,300559,XSHE,92.0,2900,B
1746,20161121,10:57:33,300559,XSHE,91.99,200,S
1747,20161121,10:57:36,300559,XSHE,91.99,3000,S
1748,20161121,10:57:39,300559,XSHE,91.99,600,S
1749,20161121,10:57:42,300559,XSHE,92.0,731,B
1750,20161121,10:57:45,300559,XSHE,91.99,1300,S
1751,20161121,10:57:48,300559,XSHE,92.0,1100,B
1752,20161121,10:57:51,300559,XSHE,92.0,7200,B
1753,20161121,10:57:54,300559,XSHE,92.0,700,B
1754,20161121,10:57:57,300559,XSHE,91.99,1700,S
1755,20161121,10:58:00,300559,XSHE,91.99,5300,S
1756,20161121,10:58:03,300559,XSHE,92.0,2169,B
1757,20161121,10:58:06,300559,XSHE,92.0,9200,B
1758,20161121,10:58:09,300559,XSHE,92.0,4600,B
1759,20161121,10:58:12,300559,XSHE,91.99,700,S
1761,20161121,10:58:18,300559,XSHE,91.98,2600,S
1762,20161121,10:58:21,300559,XSHE,91.98,600,S
1763,20161121,10:58:24,300559,XSHE,91.99,3100,B
1764,20161121,10:58:27,300559,XSHE,91.99,1100,S
1765,20161121,10:58:30,300559,XSHE,92.0,1700,B
1766,20161121,10:58:33,300559,XSHE,91.98,100,S
1767,20161121,10:58:36,300559,XSHE,91.98,300,B
1768,20161121,10:58:39,300559,XSHE,91.98,300,B
1769,20161121,10:58:42,300559,XSHE,91.98,100,B
1770,20161121,10:58:45,300559,XSHE,91.98,900,B
1771,20161121,10:58:48,300559,XSHE,91.96,400,S
1772,20161121,10:58:51,300559,XSHE,91.95,1000,S
1773,20161121,10:58:54,300559,XSHE,91.96,400,B
1774,20161121,10:58:57,300559,XSHE,91.95,6300,S
1775,20161121,10:59:00,300559,XSHE,91.95,1100,B
1776,20161121,10:59:03,300559,XSHE,91.93,200,S
1777,20161121,10:59:06,300559,XSHE,91.95,200,B
1778,20161121,10:59:09,300559,XSHE,91.93,200,S
1779,20161121,10:59:12,300559,XSHE,91.95,1600,B
1780,20161121,10:59:15,300559,XSHE,91.93,600,S
1781,20161121,10:59:18,300559,XSHE,91.93,600,B
1782,20161121,10:59:21,300559,XSHE,91.93,3300,B
1783,20161121,10:59:24,300559,XSHE,91.92,700,S
1784,20161121,10:59:27,300559,XSHE,91.9,200,S
1785,20161121,10:59:30,300559,XSHE,91.89,300,S
1787,20161121,10:59:36,300559,XSHE,91.88,800,S
1788,20161121,10:59:39,300559,XSHE,91.88,300,B
1789,20161121,10:59:42,300559,XSHE,91.85,900,S
1790,20161121,10:59:45,300559,XSHE,91.85,100,B
1791,20161121,10:59:48,300559,XSHE,91.85,200,B
1792,20161121,10:59:51,300559,XSHE,91.85,200,B
1793,20161121,10:59:54,300559,XSHE,91.8,400,S
1794,20161121,10:59:57,300559,XSHE,91.81,200,B
1795,20161121,11:00:00,300559,XSHE,91.8,200,S
1796,20161121,11:00:03,300559,XSHE,91.79,800,S
1797,20161121,11:00:06,300559,XSHE,91.8,400,B
1798,20161121,11:00:09,300559,XSHE,91.8,400,B
1799,20161121,11:00:12,300559,XSHE,91.8,100,B
1800,20161121,11:00:15,300559,XSHE,91.8,300,B
1801,20161121,11:00:18,300559,XSHE,91.75,200,S
1802,20161121,11:00:21,300559,XSHE,91.8,8400,B
1803,20161121,11:00:24,300559,XSHE,91.73,300,S
1804,20161121,11:00:27,300559,XSHE,91.73,600,B
1805,20161121,11:00:30,300559,XSHE,91.79,2700,B
1806,20161121,11:00:33,300559,XSHE,91.7,1100,S
1807,20161121,11:00:36,300559,XSHE,91.73,700,B
1809,20161121,11:00:42,300559,XSHE,91.7,1500,S
1811,20161121,11:00:48,300559,XSHE,91.66,500,S
1812,20161121,11:00:51,300559,XSHE,91.7,800,B
1813,20161121,11:00:54,300559,XSHE,91.68,600,S
1814,20161121,11:00:57,300559,XSHE,91.68,300,B
1815,20161121,11:01:00,300559,XSHE,91.68,300,B
1816,20161121,11:01:03,300559,XSHE,91.66,200,S
1817,20161121,11:01:06,300559,XSHE,91.66,800,S
1818,20161121,11:01:09,300559,XSHE,91.66,2400,S
1819,20161121,11:01:12,300559,XSHE,91.68,1100,B
1820,20161121,11:01:15,300559,XSHE,91.68,6900,S
1821,20161121,11:01:18,300559,XSHE,91.68,500,B
1822,20161121,11:01:21,300559,XSHE,91.68,1600,S
1823,20161121,11:01:24,300559,XSHE,91.68,500,S
1824,20161121,11:01:27,300559,XSHE,91.68,200,S
1825,20161121,11:01:30,300559,XSHE,91.68,100,S
1826,20161121,11:01:33,300559,XSHE,91.7,300,B
1827,20161121,11:01:36,300559,XSHE,91.7,600,B
1828,20161121,11:01:39,300559,XSHE,91.68,500,S
1829,20161121,11:01:42,300559,XSHE,91.7,1500,B
1831,20161121,11:01:48,300559,XSHE,91.68,1500,S
1833,20161121,11:01:54,300559,XSHE,91.74,1100,B
1835,20161121,11:02:00,300559,XSHE,91.74,600,B
1836,20161121,11:02:03,300559,XSHE,91.7,1900,S
1837,20161121,11:02:06,300559,XSHE,91.71,500,B
1838,20161121,11:02:09,300559,XSHE,91.74,300,B
1839,20161121,11:02:12,300559,XSHE,91.7,500,S
1840,20161121,11:02:15,300559,XSHE,91.7,400,B
1841,20161121,11:02:18,300559,XSHE,91.7,100,B
1842,20161121,11:02:21,300559,XSHE,91.7,800,S
1843,20161121,11:02:24,300559,XSHE,91.76,2700,B
1844,20161121,11:02:27,300559,XSHE,91.76,300,S
1845,20161121,11:02:30,300559,XSHE,91.76,400,S
1846,20161121,11:02:33,300559,XSHE,91.76,100,S
1847,20161121,11:02:36,300559,XSHE,91.76,200,S
1848,20161121,11:02:39,300559,XSHE,91.76,700,B
1849,20161121,11:02:42,300559,XSHE,91.71,500,S
1850,20161121,11:02:45,300559,XSHE,91.75,200,B
1851,20161121,11:02:48,300559,XSHE,91.75,100,B
1852,20161121,11:02:51,300559,XSHE,91.76,200,B
1853,20161121,11:02:54,300559,XSHE,91.76,100,B
1854,20161121,11:02:57,300559,XSHE,91.78,3500,B
1855,20161121,11:03:00,300559,XSHE,91.71,500,S
1856,20161121,11:03:03,300559,XSHE,91.7,600,S
1857,20161121,11:03:06,300559,XSHE,91.7,1500,S
1859,20161121,11:03:12,300559,XSHE,91.8,4900,B
1860,20161121,11:03:15,300559,XSHE,91.73,200,S
1861,20161121,11:03:18,300559,XSHE,91.71,400,S
1862,20161121,11:03:21,300559,XSHE,91.7,1200,S
1863,20161121,11:03:27,300559,XSHE,91.69,1000,S
1864,20161121,11:03:30,300559,XSHE,91.8,1500,B
1866,20161121,11:03:36,300559,XSHE,91.7,400,S
1867,20161121,11:03:39,300559,XSHE,91.7,200,S
1868,20161121,11:03:42,300559,XSHE,91.71,200,B
1869,20161121,11:03:45,300559,XSHE,91.72,600,B
1870,20161121,11:03:48,300559,XSHE,91.72,100,S
1872,20161121,11:03:54,300559,XSHE,91.72,500,S
1873,20161121,11:03:57,300559,XSHE,91.72,800,S
1874,20161121,11:04:00,300559,XSHE,91.72,500,S
1875,20161121,11:04:03,300559,XSHE,91.71,500,S
1876,20161121,11:04:06,300559,XSHE,91.71,300,S
1877,20161121,11:04:09,300559,XSHE,91.75,800,B
1879,20161121,11:04:15,300559,XSHE,91.72,700,S
1880,20161121,11:04:18,300559,XSHE,91.71,2000,S
1882,20161121,11:04:24,300559,XSHE,91.71,200,B
1885,20161121,11:04:36,300559,XSHE,91.72,1000,B
1886,20161121,11:04:39,300559,XSHE,91.71,100,S
1887,20161121,11:04:45,300559,XSHE,91.69,1100,S
1888,20161121,11:04:48,300559,XSHE,91.7,300,B
1889,20161121,11:04:51,300559,XSHE,91.72,1100,B
1890,20161121,11:04:54,300559,XSHE,91.7,400,S
1891,20161121,11:04:57,300559,XSHE,91.69,100,S
1892,20161121,11:05:00,300559,XSHE,91.69,1000,S
1893,20161121,11:05:03,300559,XSHE,91.68,500,S
1894,20161121,11:05:06,300559,XSHE,91.7,100,B
1895,20161121,11:05:09,300559,XSHE,91.68,500,S
1896,20161121,11:05:12,300559,XSHE,91.68,700,S
1898,20161121,11:05:18,300559,XSHE,91.69,200,B
1899,20161121,11:05:21,300559,XSHE,91.69,300,B
1900,20161121,11:05:24,300559,XSHE,91.69,2400,B
1901,20161121,11:05:27,300559,XSHE,91.68,400,S
1902,20161121,11:05:30,300559,XSHE,91.68,100,B
1904,20161121,11:05:36,300559,XSHE,91.67,400,S
1905,20161121,11:05:39,300559,XSHE,91.67,1100,B
1907,20161121,11:05:45,300559,XSHE,91.66,1500,S
1909,20161121,11:05:51,300559,XSHE,91.67,200,B
1910,20161121,11:05:54,300559,XSHE,91.66,1600,S
1911,20161121,11:05:57,300559,XSHE,91.66,6100,S
1912,20161121,11:06:00,300559,XSHE,91.66,900,B
1913,20161121,11:06:03,300559,XSHE,91.65,200,S
1915,20161121,11:06:09,300559,XSHE,91.65,100,S
1917,20161121,11:06:15,300559,XSHE,91.61,500,S
1921,20161121,11:06:27,300559,XSHE,91.65,100,B
1922,20161121,11:06:30,300559,XSHE,91.61,700,S
1923,20161121,11:06:33,300559,XSHE,91.6,800,S
1924,20161121,11:06:36,300559,XSHE,91.61,200,B
1926,20161121,11:06:42,300559,XSHE,91.6,500,S
1927,20161121,11:06:45,300559,XSHE,91.61,100,B
1928,20161121,11:06:48,300559,XSHE,91.6,2100,S
1929,20161121,11:06:51,300559,XSHE,91.6,500,B
1930,20161121,11:06:54,300559,XSHE,91.61,1600,B
1932,20161121,11:07:00,300559,XSHE,91.6,400,S
1933,20161121,11:07:03,300559,XSHE,91.56,200,S
1935,20161121,11:07:09,300559,XSHE,91.55,600,S
1937,20161121,11:07:18,300559,XSHE,91.55,500,B
1938,20161121,11:07:21,300559,XSHE,91.54,600,S
1941,20161121,11:07:30,300559,XSHE,91.51,500,S
1942,20161121,11:07:33,300559,XSHE,91.51,200,S
1943,20161121,11:07:36,300559,XSHE,91.5,2000,S
1944,20161121,11:07:39,300559,XSHE,91.5,2200,S
1945,20161121,11:07:42,300559,XSHE,91.54,500,B
1946,20161121,11:07:45,300559,XSHE,91.5,1000,S
1947,20161121,11:07:48,300559,XSHE,91.5,500,S
1949,20161121,11:07:54,300559,XSHE,91.5,1000,B
1956,20161121,11:08:15,300559,XSHE,91.44,300,S
1958,20161121,11:08:21,300559,XSHE,91.43,500,S
1960,20161121,11:08:30,300559,XSHE,91.4,600,S
1961,20161121,11:08:33,300559,XSHE,91.43,300,B
1964,20161121,11:08:42,300559,XSHE,91.36,500,S
1965,20161121,11:08:45,300559,XSHE,91.38,200,B
1967,20161121,11:08:54,300559,XSHE,91.35,600,S
1968,20161121,11:08:57,300559,XSHE,91.36,800,B
1969,20161121,11:09:00,300559,XSHE,91.36,400,B
1970,20161121,11:09:03,300559,XSHE,91.35,500,S
1971,20161121,11:09:06,300559,XSHE,91.32,700,S
1972,20161121,11:09:09,300559,XSHE,91.3,600,S
1973,20161121,11:09:12,300559,XSHE,91.36,3900,B
1974,20161121,11:09:15,300559,XSHE,91.3,200,S
1975,20161121,11:09:18,300559,XSHE,91.3,300,B
1976,20161121,11:09:21,300559,XSHE,91.3,100,B
1977,20161121,11:09:24,300559,XSHE,91.3,600,S
1978,20161121,11:09:27,300559,XSHE,91.3,600,B
1979,20161121,11:09:30,300559,XSHE,91.3,200,B
1980,20161121,11:09:33,300559,XSHE,91.28,2100,S
1981,20161121,11:09:36,300559,XSHE,91.28,500,B
1982,20161121,11:09:39,300559,XSHE,91.28,100,B
1983,20161121,11:09:42,300559,XSHE,91.28,800,B
1984,20161121,11:09:45,300559,XSHE,91.27,2000,S
1985,20161121,11:09:48,300559,XSHE,91.26,1100,S
1986,20161121,11:09:51,300559,XSHE,91.26,1000,B
1987,20161121,11:09:54,300559,XSHE,91.28,1700,B
1989,20161121,11:10:00,300559,XSHE,91.25,500,S
1990,20161121,11:10:03,300559,XSHE,91.25,1300,B
1991,20161121,11:10:06,300559,XSHE,91.25,300,B
1996,20161121,11:10:21,300559,XSHE,91.25,400,B
1997,20161121,11:10:24,300559,XSHE,91.21,800,S
1998,20161121,11:10:27,300559,XSHE,91.26,4000,B
1999,20161121,11:10:30,300559,XSHE,91.25,1100,S
2000,20161121,11:10:33,300559,XSHE,91.25,500,S
2001,20161121,11:10:36,300559,XSHE,91.25,200,S
2002,20161121,11:10:39,300559,XSHE,91.25,500,S
2003,20161121,11:10:42,300559,XSHE,91.25,1800,B
2004,20161121,11:10:45,300559,XSHE,91.22,500,S
2005,20161121,11:10:48,300559,XSHE,91.25,800,B
2007,20161121,11:10:54,300559,XSHE,91.25,100,B
2008,20161121,11:10:57,300559,XSHE,91.25,400,B
2010,20161121,11:11:03,300559,XSHE,91.25,100,B
2011,20161121,11:11:06,300559,XSHE,91.25,400,B
2012,20161121,11:11:09,300559,XSHE,91.25,500,B
2013,20161121,11:11:12,300559,XSHE,91.23,400,S
2014,20161121,11:11:15,300559,XSHE,91.22,900,S
2015,20161121,11:11:18,300559,XSHE,91.25,100,B
2018,20161121,11:11:27,300559,XSHE,91.26,700,B
2019,20161121,11:11:30,300559,XSHE,91.25,300,S
2020,20161121,11:11:33,300559,XSHE,91.25,200,S
2022,20161121,11:11:39,300559,XSHE,91.25,100,B
2023,20161121,11:11:42,300559,XSHE,91.23,800,S
2024,20161121,11:11:45,300559,XSHE,91.25,800,B
2025,20161121,11:11:48,300559,XSHE,91.25,800,B
2026,20161121,11:11:51,300559,XSHE,91.22,600,S
2027,20161121,11:11:54,300559,XSHE,91.22,500,S
2028,20161121,11:11:57,300559,XSHE,91.25,700,B
2029,20161121,11:12:00,300559,XSHE,91.25,500,S
2031,20161121,11:12:06,300559,XSHE,91.25,2800,S
2034,20161121,11:12:15,300559,XSHE,91.31,1700,B
2036,20161121,11:12:21,300559,XSHE,91.31,500,S
2037,20161121,11:12:24,300559,XSHE,91.31,400,S
2038,20161121,11:12:27,300559,XSHE,91.3,823,S
2039,20161121,11:12:30,300559,XSHE,91.31,100,B
2040,20161121,11:12:33,300559,XSHE,91.31,600,B
2041,20161121,11:12:36,300559,XSHE,91.31,500,B
2042,20161121,11:12:39,300559,XSHE,91.35,700,B
2043,20161121,11:12:42,300559,XSHE,91.32,300,S
2045,20161121,11:12:48,300559,XSHE,91.32,300,S
2046,20161121,11:12:51,300559,XSHE,91.32,500,S
2047,20161121,11:12:54,300559,XSHE,91.35,100,B
2048,20161121,11:13:00,300559,XSHE,91.4,2200,B
2049,20161121,11:13:03,300559,XSHE,91.35,1000,S
2050,20161121,11:13:06,300559,XSHE,91.43,1200,B
2053,20161121,11:13:18,300559,XSHE,91.43,100,B
2054,20161121,11:13:21,300559,XSHE,91.43,1000,B
2055,20161121,11:13:27,300559,XSHE,91.36,500,S
2056,20161121,11:13:30,300559,XSHE,91.43,100,B
2057,20161121,11:13:33,300559,XSHE,91.4,500,S
2059,20161121,11:13:39,300559,XSHE,91.43,500,B
2060,20161121,11:13:42,300559,XSHE,91.43,1000,S
2061,20161121,11:13:45,300559,XSHE,91.43,500,S
2063,20161121,11:13:51,300559,XSHE,91.44,100,B
2064,20161121,11:13:54,300559,XSHE,91.44,1200,B
2065,20161121,11:13:57,300559,XSHE,91.43,1200,S
2067,20161121,11:14:03,300559,XSHE,91.44,500,B
2068,20161121,11:14:06,300559,XSHE,91.44,1200,S
2069,20161121,11:14:09,300559,XSHE,91.44,500,S
2070,20161121,11:14:12,300559,XSHE,91.43,500,S
2071,20161121,11:14:15,300559,XSHE,91.44,100,B
2074,20161121,11:14:24,300559,XSHE,91.44,1000,S
2076,20161121,11:14:30,300559,XSHE,91.45,500,B
2077,20161121,11:14:33,300559,XSHE,91.49,500,B
2078,20161121,11:14:36,300559,XSHE,91.44,500,S
2080,20161121,11:14:42,300559,XSHE,91.49,100,B
2082,20161121,11:14:48,300559,XSHE,91.45,600,S
2083,20161121,11:14:51,300559,XSHE,91.45,200,B
2085,20161121,11:14:57,300559,XSHE,91.45,100,B
2086,20161121,11:15:00,300559,XSHE,91.48,700,B
2087,20161121,11:15:03,300559,XSHE,91.48,100,B
2088,20161121,11:15:06,300559,XSHE,91.45,600,S
2089,20161121,11:15:09,300559,XSHE,91.44,1100,S
2090,20161121,11:15:12,300559,XSHE,91.44,500,S
2091,20161121,11:15:15,300559,XSHE,91.48,1200,B
2092,20161121,11:15:18,300559,XSHE,91.45,600,S
2093,20161121,11:15:21,300559,XSHE,91.45,600,S
2094,20161121,11:15:24,300559,XSHE,91.45,500,S
2095,20161121,11:15:27,300559,XSHE,91.48,600,B
2096,20161121,11:15:30,300559,XSHE,91.48,600,B
2097,20161121,11:15:33,300559,XSHE,91.45,200,S
2098,20161121,11:15:36,300559,XSHE,91.45,1000,S
2099,20161121,11:15:39,300559,XSHE,91.45,700,S
2100,20161121,11:15:42,300559,XSHE,91.46,600,B
2101,20161121,11:15:45,300559,XSHE,91.46,800,S
2102,20161121,11:15:48,300559,XSHE,91.45,700,S
2103,20161121,11:15:51,300559,XSHE,91.45,500,S
2104,20161121,11:15:54,300559,XSHE,91.46,1700,B
2105,20161121,11:15:57,300559,XSHE,91.46,500,S
2106,20161121,11:16:00,300559,XSHE,91.46,1200,S
2107,20161121,11:16:03,300559,XSHE,91.46,1100,S
2108,20161121,11:16:06,300559,XSHE,91.46,300,B
2109,20161121,11:16:09,300559,XSHE,91.46,200,B
2112,20161121,11:16:18,300559,XSHE,91.47,3900,B
2113,20161121,11:16:21,300559,XSHE,91.46,300,S
2115,20161121,11:16:27,300559,XSHE,91.45,100,S
2116,20161121,11:16:30,300559,XSHE,91.45,300,B
2117,20161121,11:16:33,300559,XSHE,91.44,200,S
2121,20161121,11:16:45,300559,XSHE,91.4,100,S
2125,20161121,11:16:57,300559,XSHE,91.4,500,B
2126,20161121,11:17:00,300559,XSHE,91.37,700,S
2129,20161121,11:17:09,300559,XSHE,91.37,200,B
2130,20161121,11:17:12,300559,XSHE,91.36,800,S
2131,20161121,11:17:15,300559,XSHE,91.36,1800,S
2132,20161121,11:17:18,300559,XSHE,91.35,2300,S
2133,20161121,11:17:21,300559,XSHE,91.36,100,B
2135,20161121,11:17:27,300559,XSHE,91.35,200,S
2137,20161121,11:17:33,300559,XSHE,91.31,8100,S
2139,20161121,11:17:39,300559,XSHE,91.3,500,S
2140,20161121,11:17:42,300559,XSHE,91.3,300,B
2142,20161121,11:17:48,300559,XSHE,91.34,1600,B
2144,20161121,11:17:54,300559,XSHE,91.29,600,S
2145,20161121,11:17:57,300559,XSHE,91.29,800,B
2146,20161121,11:18:00,300559,XSHE,91.25,500,S
2147,20161121,11:18:03,300559,XSHE,91.29,300,B
2149,20161121,11:18:15,300559,XSHE,91.25,600,S
2150,20161121,11:18:18,300559,XSHE,91.25,200,S
2152,20161121,11:18:24,300559,XSHE,91.25,500,S
2153,20161121,11:18:27,300559,XSHE,91.3,7000,B
2154,20161121,11:18:30,300559,XSHE,91.3,800,S
2155,20161121,11:18:33,300559,XSHE,91.3,500,S
2156,20161121,11:18:36,300559,XSHE,91.31,200,B
2158,20161121,11:18:42,300559,XSHE,91.3,1500,S
2159,20161121,11:18:45,300559,XSHE,91.32,200,B
2160,20161121,11:18:48,300559,XSHE,91.3,2600,S
2162,20161121,11:18:54,300559,XSHE,91.34,1000,B
2163,20161121,11:18:57,300559,XSHE,91.26,500,S
2165,20161121,11:19:06,300559,XSHE,91.3,500,B
2166,20161121,11:19:09,300559,XSHE,91.26,500,S
2169,20161121,11:19:21,300559,XSHE,91.26,500,S
2170,20161121,11:19:24,300559,XSHE,91.33,2800,B
2171,20161121,11:19:27,300559,XSHE,91.26,600,S
2175,20161121,11:19:39,300559,XSHE,91.28,200,B
2177,20161121,11:19:45,300559,XSHE,91.27,500,S
2178,20161121,11:19:48,300559,XSHE,91.3,1500,B
2179,20161121,11:19:51,300559,XSHE,91.26,500,S
2184,20161121,11:20:06,300559,XSHE,91.26,300,S
2186,20161121,11:20:12,300559,XSHE,91.3,200,B
2187,20161121,11:20:15,300559,XSHE,91.27,1300,S
2188,20161121,11:20:18,300559,XSHE,91.26,800,S
2189,20161121,11:20:21,300559,XSHE,91.26,1500,S
2191,20161121,11:20:27,300559,XSHE,91.26,600,S
2192,20161121,11:20:33,300559,XSHE,91.27,500,B
2193,20161121,11:20:36,300559,XSHE,91.29,100,B
2194,20161121,11:20:39,300559,XSHE,91.29,600,B
2196,20161121,11:20:45,300559,XSHE,91.27,200,S
2197,20161121,11:20:48,300559,XSHE,91.29,300,B
2198,20161121,11:20:51,300559,XSHE,91.3,300,B
2199,20161121,11:20:54,300559,XSHE,91.27,500,S
2200,20161121,11:20:57,300559,XSHE,91.27,500,S
2202,20161121,11:21:03,300559,XSHE,91.29,800,B
2203,20161121,11:21:06,300559,XSHE,91.29,300,B
2205,20161121,11:21:12,300559,XSHE,91.29,400,B
2208,20161121,11:21:21,300559,XSHE,91.29,100,B
2209,20161121,11:21:24,300559,XSHE,91.27,200,S
2210,20161121,11:21:27,300559,XSHE,91.28,600,B
2211,20161121,11:21:30,300559,XSHE,91.28,400,B
2212,20161121,11:21:33,300559,XSHE,91.29,200,B
2213,20161121,11:21:36,300559,XSHE,91.29,500,B
2214,20161121,11:21:39,300559,XSHE,91.27,400,S
2216,20161121,11:21:45,300559,XSHE,91.27,1100,S
2218,20161121,11:21:51,300559,XSHE,91.27,100,S
2219,20161121,11:21:54,300559,XSHE,91.27,1000,B
2220,20161121,11:21:57,300559,XSHE,91.27,100,B
2221,20161121,11:22:00,300559,XSHE,91.27,500,B
2222,20161121,11:22:03,300559,XSHE,91.27,300,B
2224,20161121,11:22:09,300559,XSHE,91.27,600,B
2225,20161121,11:22:12,300559,XSHE,91.27,800,B
2227,20161121,11:22:18,300559,XSHE,91.27,600,B
2228,20161121,11:22:21,300559,XSHE,91.27,600,B
2229,20161121,11:22:24,300559,XSHE,91.26,300,S
2230,20161121,11:22:27,300559,XSHE,91.26,100,S
2231,20161121,11:22:30,300559,XSHE,91.26,100,S
2232,20161121,11:22:33,300559,XSHE,91.26,800,S
2233,20161121,11:22:36,300559,XSHE,91.26,500,S
2234,20161121,11:22:39,300559,XSHE,91.26,300,B
2235,20161121,11:22:42,300559,XSHE,91.26,200,B
2237,20161121,11:22:48,300559,XSHE,91.27,1100,B
2238,20161121,11:22:51,300559,XSHE,91.26,100,S
2239,20161121,11:22:54,300559,XSHE,91.25,1100,S
2240,20161121,11:22:57,300559,XSHE,91.26,1000,B
2242,20161121,11:23:03,300559,XSHE,91.26,500,S
2245,20161121,11:23:12,300559,XSHE,91.26,500,S
2246,20161121,11:23:15,300559,XSHE,91.25,1000,S
2249,20161121,11:23:24,300559,XSHE,91.26,1000,B
2250,20161121,11:23:27,300559,XSHE,91.26,1000,B
2251,20161121,11:23:30,300559,XSHE,91.25,1200,S
2252,20161121,11:23:33,300559,XSHE,91.25,2300,S
2253,20161121,11:23:36,300559,XSHE,91.25,500,S
2255,20161121,11:23:42,300559,XSHE,91.25,500,S
2257,20161121,11:23:48,300559,XSHE,91.26,300,B
2258,20161121,11:23:51,300559,XSHE,91.25,400,S
2260,20161121,11:23:57,300559,XSHE,91.25,300,B
2261,20161121,11:24:00,300559,XSHE,91.25,400,B
2262,20161121,11:24:03,300559,XSHE,91.25,2100,B
2264,20161121,11:24:09,300559,XSHE,91.25,800,B
2268,20161121,11:24:21,300559,XSHE,91.22,600,S
2270,20161121,11:24:27,300559,XSHE,91.23,1600,B
2271,20161121,11:24:33,300559,XSHE,91.23,1300,S
2272,20161121,11:24:36,300559,XSHE,91.21,1600,S
2273,20161121,11:24:39,300559,XSHE,91.23,500,B
2274,20161121,11:24:42,300559,XSHE,91.23,400,S
2275,20161121,11:24:45,300559,XSHE,91.22,1800,S
2276,20161121,11:24:48,300559,XSHE,91.22,500,S
2277,20161121,11:24:51,300559,XSHE,91.22,700,S
2278,20161121,11:24:54,300559,XSHE,91.22,800,S
2279,20161121,11:24:57,300559,XSHE,91.23,1100,B
2280,20161121,11:25:00,300559,XSHE,91.23,300,B
2281,20161121,11:25:03,300559,XSHE,91.23,1900,S
2282,20161121,11:25:06,300559,XSHE,91.23,1000,S
2283,20161121,11:25:09,300559,XSHE,91.23,500,S
2284,20161121,11:25:12,300559,XSHE,91.23,500,S
2286,20161121,11:25:18,300559,XSHE,91.22,1000,S
2287,20161121,11:25:21,300559,XSHE,91.23,600,B
2288,20161121,11:25:24,300559,XSHE,91.23,300,S
2289,20161121,11:25:27,300559,XSHE,91.23,900,B
2290,20161121,11:25:30,300559,XSHE,91.22,1200,S
2291,20161121,11:25:33,300559,XSHE,91.23,300,B
2292,20161121,11:25:36,300559,XSHE,91.23,200,B
2294,20161121,11:25:42,300559,XSHE,91.25,3000,B
2295,20161121,11:25:45,300559,XSHE,91.23,400,S
2296,20161121,11:25:48,300559,XSHE,91.23,200,B
2297,20161121,11:25:51,300559,XSHE,91.23,100,S
2298,20161121,11:25:54,300559,XSHE,91.22,1100,S
2299,20161121,11:25:57,300559,XSHE,91.22,300,S
2300,20161121,11:26:00,300559,XSHE,91.25,100,B
2301,20161121,11:26:03,300559,XSHE,91.23,400,S
2302,20161121,11:26:06,300559,XSHE,91.23,500,S
2303,20161121,11:26:09,300559,XSHE,91.23,300,S
2304,20161121,11:26:12,300559,XSHE,91.25,3600,B
2305,20161121,11:26:15,300559,XSHE,91.25,100,S
2306,20161121,11:26:18,300559,XSHE,91.25,100,S
2307,20161121,11:26:21,300559,XSHE,91.25,300,S
2308,20161121,11:26:24,300559,XSHE,91.25,700,S
2309,20161121,11:26:27,300559,XSHE,91.25,1100,S
2310,20161121,11:26:30,300559,XSHE,91.26,600,B
2311,20161121,11:26:33,300559,XSHE,91.23,1900,S
2312,20161121,11:26:36,300559,XSHE,91.25,700,B
2313,20161121,11:26:39,300559,XSHE,91.25,200,B
2315,20161121,11:26:45,300559,XSHE,91.25,100,B
2316,20161121,11:26:48,300559,XSHE,91.25,100,B
2317,20161121,11:26:51,300559,XSHE,91.25,1400,S
2319,20161121,11:26:57,300559,XSHE,91.25,500,S
2320,20161121,11:27:00,300559,XSHE,91.25,100,S
2321,20161121,11:27:03,300559,XSHE,91.25,200,S
2322,20161121,11:27:06,300559,XSHE,91.25,700,S
2323,20161121,11:27:09,300559,XSHE,91.25,200,B
2324,20161121,11:27:12,300559,XSHE,91.24,100,S
